4450 5475
1047 291 1075 365 ll

145 506 364 574 duodecimum
386 529 512 576 carmen
533 507 695 595 proferret,
718 505 970 594 Kieaslingius¹)
992 528 1120 593 operam
1142 505 1244 574 dedit:
1265 504 1350 593 quod
1372 507 1498 595 quidem
1513 528 1577 593 quo
1598 510 1666 574 iure
1686 507 1797 575 iecerit
1817 517 1884 576 tum
1906 529 1978 576 cum

146 610 185 677 de
207 609 316 676 metris
337 608 522 677 Horatianis
550 610 653 676 insius
680 630 867 695 quaeremus
897 608 1109 676 ostendemus
1155 609 1192 674 Iu
1214 617 1327 694 quarto
1349 612 1524 676 carminum
1545 608 1627 676 libro
1649 617 1818 677 metrorum
1840 612 1977 679 varieta-

144 717 219 794 tem,
246 732 345 776 unum
370 711 399 778 si
420 711 495 777 xlv
516 719 549 778 et
568 710 627 776 XV
652 712 825 776 carminum
848 711 1024 797 exemplum
1047 710 1157 777 eodem
1185 707 1385 797 stropharum
1413 730 1527 796 genere
1555 711 1743 797 scriptorum
1765 713 1979 799 exceperim),

21 838 29 850 ·
144 811 262 897 abique
292 813 435 880 serravit
460 822 572 898 poeta;
605 831 708 878 rerum
736 833 811 879 vero
839 815 1027 879 varietatem
1055 812 1234 899 neglexisse
1254 830 1327 877 eum
1349 832 1442 878 nemo
1465 811 1580 878 dixerit
1608 811 1812 899 quiquidem
1841 815 1982 879 canuina

145 915 282 997 Augusti
304 912 434 979 honoris
456 935 553 979 cansa
574 916 691 1001 scripta
712 912 743 979 11
768 911 875 996 VXV,
897 913 938 979 ad
953 915 1171 999 privignorum
1193 914 1345 980 victorias
1366 911 1571 980 celebrandas
1593 914 1769 998 composita
1789 913 1833 980 IV
1849 923 1881 980 et
1894 914 1980 997 xlv,

145 1015 289 1081 earmina
309 1016 466 1080 amatoria
487 1016 569 1081 inter
590 1036 625 1082 se
647 1013 810 1082 simillima
830 1014 846 1080 1
868 1014 944 1081 ιιΧ
965 1013 1069 1082 locum
1091 1010 1236 1081 obtinere
1253 1034 1361 1080 seeum
1376 1015 1579 1102 reputaverit.
1610 1013 1695 1082 Casu
1716 1013 1750 1081 id
1761 1014 1880 1082 iactum
1902 1036 1985 1102 esse,

146 1122 183 1181 ut
205 1114 413 1202 Schueuim)
435 1115 569 1200 videtur,
592 1137 655 1182 non
678 1115 779 1183 credo.
822 1115 869 1182 lle
890 1116 1002 1184 tertiae
1022 1113 1150 1203 quidem
1171 1117 1313 1182 earmina
1334 1114 1498 1204 digerendi
1529 1135 1645 1183 ιιιιιι
1672 1138 1755 1202 qnae
1776 1113 1817 1183 ad
1839 1114 1986 1184 homiues

145 1215 186 1281 ad
216 1238 296 1304 quos
325 1218 465 1284 carmina
491 1217 568 1284 data
600 1226 676 1285 sunt
703 1225 825 1303 spectat
851 1219 884 1284 in
911 1216 992 1284 libro
1020 1223 1135 1304 quarto
1163 1218 1303 1304 vestigia
1330 1216 1450 1284 frustm
1477 1218 1682 1302 quaesiveris
1747 1217 1828 1284 Nam
1858 1227 1892 1285 et
1918 1239 1986 1286 car·

147 1319 226 1383 mini
245 1316 303 1384 XV
330 1320 364 1385 in
386 1320 521 1405 Augusti
542 1320 665 1386 meritis
694 1320 837 1386 versanti
858 1317 1004 1385 ultimum
1026 1319 1168 1385 omnium
1190 1318 1365 1384 carminum
1387 1317 1491 1384 locum
1512 1318 1617 1404 ipsum
1640 1339 1765 1405 quoque
1785 1323 1987 1409 praecipuum

147 1417 299 1485 Horatius
313 1419 458 1486 attribuit
472 1428 503 1487 et
518 1421 551 1487 in
573 1422 673 1507 primo
689 1422 793 1506 quarti
813 1419 887 1486 libri
901 1422 1039 1487 carmine
1060 1420 1146 1486 inest
1166 1417 1286 1504 aliquid
1308 1419 1404 1487 officii
1422 1440 1499 1505 erga
1513 1420 1702 1506 Augentum.
1736 1421 1815 1488 Nam
1838 1420 1898 1489 hoc
1918 1442 1987 1490 car·

146 1540 219 1585 men
242 1520 352 1587 datum
380 1530 431 1588 est
460 1521 502 1587 ad
533 1520 669 1588 Paulum
690 1520 824 1587 Fabium
850 1521 1024 1588 Maximum
1051 1522 1200 1588 maritum
1221 1519 1358 1588 Marciae
1379 1523 1513 1608 Augusti
1542 1520 1750 1588 consobrinae
1777 1521 1865 1591 filiae
1895 1526 1987 1592 Atiae

148 1623 280 1714 minoris
313 1625 403 1690 cuius
425 1643 513 1689 soror
534 1624 607 1689 Atia
629 1624 730 1689 maior
752 1624 886 1708 Augusti
905 1631 1006 1689 mater
1028 1630 1111 1700 erat3
1133 1624 1187 1709 qui
1210 1643 1304 1708 quam
1327 1622 1493 1689 familiaris
1513 1625 1660 1708 Augusto
1688 1623 1783 1691 inerit
1809 1646 1848 1690 cx
1869 1645 1908 1692 eo
1929 1647 1985 1712 ap·

146 1731 248 1809 paret,
279 1724 360 1810 qnod
389 1725 561 1806 'l'aeitustl
583 1727 760 1809 Augustum
785 1726 895 1809 paucis
917 1724 1080 1790 mensibus
1107 1732 1184 1790 ante
1214 1723 1378 1791 decessum
1400 1724 1514 1789 comite
1535 1745 1600 1790 uno
1621 1724 1721 1792 Fabio
1743 1725 1885 1793 Monimo
1908 1725 1982 1794 Pla·

148 1825 273 1891 nasiam
296 1831 421 1893 vectum
449 1824 491 1891 sd
513 1825 680 1892 visendum
702 1826 871 1912 Agrippam
893 1822 1079 1891 Postumum
1102 1833 1213 1892 auctor
1239 1832 1300 1893 est.
1342 1824 1433 1907 Quod
1457 1823 1694 1911 elegentissime
1722 1828 1856 1894 coniecit
1875 1826 1985 1895 Hiess-

148 1922 307 2012 lingiust)
339 1926 507 1993 Horatium
533 1926 686 1993 Venerem
716 1927 855 1993 carmine
882 1944 981 2007 orare,
1010 1933 1046 1992 ιι
1071 1926 1188 1992 futuris
1212 1925 1305 1994 Fabii
1332 1949 1403 1993 cum
1432 1925 1553 1993 Marcia
1579 1929 1698 2013 nuptiis
1726 1929 1862 2014 propitia
1891 1928 1986 2012 adsit,

148 2028 255 2093 minus
276 2030 369 2094 certis
390 2030 587 2114 argumentis
608 2028 728 2111 nititur,
760 2047 858 2114 quam
880 2033 916 2092 nt
936 2027 1133 2113 probandum
1154 2026 1310 2098 videatur.
1354 2026 1416 2094 Sed
1439 2034 1564 2093 tantum
1591 2026 1684 2094 abest
1705 2036 1742 2095 ut
1766 2027 1817 2097 bis
1839 2029 1986 2097 omnibus

148 2126 412 2216 ratumagum
434 2131 500 2195 vim
515 2129 693 2196 tribuemus
713 2127 756 2195 ad
776 2135 920 2214 tempora
941 2130 1115 2194 carminum
1137 2127 1327 2212 delinienda,
1348 2137 1384 2196 ut
1403 2127 1633 2213 Teuffelinm⁸)
1656 2139 1739 2195 reete
1753 2129 1912 2199 iudicasse
1933 2154 1986 2199 ar·

148 2229 301 2296 bitremur
322 2229 438 2297 tradito
461 2230 572 2298 ordine
593 2233 811 2317 quaestionem
833 2229 873 2295 de
894 2229 1088 2316 temporibus
1108 2231 1283 2296 omninum
1312 2252 1377 2299 non
1404 2237 1471 2296 tam
1498 2227 1643 2296 adiuvari
1674 2251 1769 2315 quam
1797 2232 1984 2319 perturbari.

252 2330 299 2397 Ne
319 2330 352 2397 id
379 2332 506 2420 quidem
531 2330 717 2400 adducimur
741 2339 778 2398 ut
799 2325 963 2398 credamus
991 2351 1073 2416 quse
1100 2338 1271 2416 supersunt
1289 2330 1415 2398 Horatii
1442 2330 1677 2397 carminasola
1701 2352 1876 2419 coaequae
1897 2335 1984 2420 pepi·

150 2433 241 2518 gerit.
283 2431 369 2500 Luce
396 2432 512 2501 clarius
537 2441 588 2500 cst
607 2432 775 2500 Horatium
803 2452 905 2518 acque
932 2439 1027 2517 atque
1053 2431 1136 2498 alios
1156 2440 1268 2517 poetas
1294 2435 1328 2499 in
1356 2432 1445 2499 libris
1466 2430 1652 2518 colligendis
1681 2436 1883 2502 eaearmiaa
1903 2457 1984 2523 quae

148 2539 207 2600 ιιι
227 2532 334 2601 indole
354 2555 415 2602 sua
433 2554 497 2601 non
518 2535 598 2601 satis
619 2533 717 2621 digna
737 2541 794 2600 aut
818 2532 892 2600 aliis
905 2531 945 2599 de
966 2534 1071 2599 causis
1092 2553 1156 2599 non
1178 2532 1293 2600 idonea
1314 2534 1516 2600 existimaret
1530 2553 1614 2619 quae
1636 2535 1807 2602 memoriae
1822 2535 1983 2606 traderen-

149 2636 261 2701 turin
286 2643 469 2723 poematum
495 2656 607 2721 corpus
627 2655 691 2702 uon
713 2636 878 2722 recepisse.
920 2633 1010 2715 Quod
1033 2636 1087 2721 qui
1108 2643 1230 2721 negem
1249 2656 1313 2702 non
1335 2633 1485 2701 audiendi
1512 2642 1601 2720 suut;
1630 2637 1737 2721 potius
1763 2655 1872 2702 eorum
1899 2640 1982 2704 acci-

148 2735 265 2822 pienda
296 2746 346 2805 est
366 2739 526 2804 sententia
547 2739 601 2822 qui
622 2735 708 2824 quod
731 2757 782 2803 res
802 2739 873 2822 ipsa
893 2734 986 2804 docet
1007 2739 1113 2805 causis
1133 2740 1262 2823 insuper
1296 2734 1414 2803 additis
1435 2734 1633 2821 confirmant,
1654 2759 1726 2804 cnm
1748 2736 1920 2806 ιιιιιιιιιι
1939 2740 1982 2807 ab

148 2837 283 2905 Horatio
304 2842 496 2906 mentionem
517 2838 587 2905 fieri
608 2840 781 2905 carminum
803 2858 884 2923 qnae
906 2838 939 2903 in
961 2838 1009 2904 eis
1030 2858 1113 2925 qnae
1134 2838 1257 2905 codices
1279 2837 1409 2930 tradunt
1429 2857 1493 2903 non
1514 2838 1720 2905 inveniuntur
1732 2837 1982 2925 Fuerstenani⁷)

149 2938 294 3007 aliomm.
325 2938 599 3024 moerentium),
621 2961 811 3026 quamquam
833 2938 950 3007 abhoc
970 2939 1086 3007 indicio
1108 2961 1174 3008 non
1194 2938 1351 3022 abhorret,
1375 2946 1482 3005 tamen
1504 2938 1564 3006 hac
1578 2942 1610 3006 in
1634 2961 1668 3006 re
1689 2943 1847 3009 erravisse
1867 2950 1982 3028 putan-

150 3040 212 3108 dus
233 3047 293 3108 ιιι.
336 3041 433 3109 Cuius
454 3042 483 3109 si
503 3047 680 3127 tempomm
701 3039 901 3109 definitiones
922 3040 1187 3125 consideraveris,
1217 3049 1250 3108 te
1270 3060 1335 3107 non
1356 3039 1543 3127 praeteribit
1563 3041 1726 3109 studuisse
1753 3063 1826 3109 eum
1848 3041 1985 3130 singulis

150 3143 244 3211 anuis
265 3150 419 3229 quaterna
439 3143 580 3208 carmina
605 3140 793 3210 adscribere.
835 3142 917 3210 Num
947 3162 1079 3209 numero
1107 3144 1280 3209 carminum
1308 3161 1390 3228 quae
1410 3140 1545 3230 singan
1571 3144 1665 3209 annis
1686 3142 1894 3230 adsignentur
1915 3165 1984 3212 mo·

149 3245 220 3311 veri
239 3250 345 3332 potest
365 3244 420 3329 qui
441 3263 505 3309 non
527 3244 635 3310 omnis
655 3245 796 3310 earmina
816 3263 838 3309 a
859 3252 955 3329 pocta
975 3242 1114 3311 editione
1136 3241 1269 3331 dignata
1289 3263 1361 3310 esse
1382 3244 1593 3310 ιιιιιιιιιίι’.1

252 3343 331 3411 Gum
358 3365 434 3412 vero
463 3344 505 3411 ad
534 3345 618 3411 huuc
638 3343 743 3411 locum
769 3352 902 3413 ventum
931 3347 990 3429 sit,
1017 3365 1081 3411 non
1109 3343 1250 3412 alienum
1278 3343 1497 3410 videturesse
1526 3343 1681 3410 disserere
1702 3343 1742 3410 de
1762 3346 1933 3431 scriptione
1953 3354 1987 3412 ιι

151 3445 290 3514 ιιίἰιίιιι
312 3448 486 3514 carminum
505 3445 632 3513 Horatii
653 3465 716 3531 quo
737 3444 886 3513 differam
906 3447 989 3513 inter
1009 3466 1054 3512 ιι
1089 3445 1178 3526 Quas
1199 3466 1250 3512 res
1270 3465 1336 3512 non
1360 3447 1438 3511 bene
1460 3444 1629 3531 distinguit
1649 3444 1688 3510 H.
1710 3443 1916 3530 Bentleius’)
1931 3448 1986 3531 qui

152 3555 186 3615 ιι
206 3568 246 3615 ex
266 3547 403 3616 aliomm
432 3555 596 3633 poetarum
627 3554 660 3613 et
680 3568 720 3613 ex
748 3547 849 3632 ipsius
871 3545 996 3613 Horatii
1018 3546 1211 3613 carminibus
1233 3545 1340 3613 studet
1364 3544 1552 3612 contendere
1575 3544 1741 3612 Horatium
1774 3566 1837 3613 non
1859 3567 1988 3633 sparsas

153 3647 279 3736 eclogas
307 3648 364 3716 scd
392 3650 533 3737 integros
559 3646 682 3715 libellos
703 3646 803 3714 semel
832 3646 990 3734 simulque
1017 3649 1050 3714 in
1070 3646 1175 3714 lucem
1197 3646 1345 3715 edidisse.
1388 3645 1580 3713 Coniunctus
1600 3644 1726 3714 libellos
1756 3648 1833 3734 quin
1855 3646 1989 3713 ediderit

155 3816 358 3834 m

210 3940 234 4003 ¹)
250 3936 460 4008 Philologische
478 3932 733 4006 Untcrsnclrungea
743 3933 977 4005 ummgegebsn
993 3950 1049 3992 von
1065 3935 1099 3992 A.
1116 3932 1264 4004 Kieasling
1280 3933 1338 3990 und
1356 3933 1389 3991 U.
1406 3948 1434 3990 v.
1444 3926 1858 3989 Willsmovritadtoellendortl.
1873 3933 1899 3989 2.
1910 3930 1991 3988 Hstt.

253 4020 296 4078 Zu
306 4021 534 4092 Augnstctsabsn
546 4019 692 4077 montera
708 4018 786 4076 Bari
798 4020 874 4077 1331.
897 4018 1044 4077 Horatius
1062 4018 1087 4074 Ι.
1110 4021 1167 4075 Zur
1178 4017 1367 4087 chronologis
1378 4016 1435 4073 und
1447 4016 1621 4087 Anordnaug
1637 4016 1686 4072 der
1698 4015 1784 4073 ouon
1801 4031 1828 4086 p.
1839 4016 1875 4071 63
1890 4021 1921 4070 et
1930 4028 1991 4083 squ

217 4110 244 4175 ¹)
261 4106 393 4163 Garmias
405 4106 439 4163 14
456 4110 487 4162 ιι
504 4108 538 4161 15
554 4103 640 4173 (dent
655 4102 723 4161 libri
735 4103 815 4160 tertii
827 4103 952 4161 carmina
964 4106 1042 4172 1-6)
1054 4102 1195 4161 Christian
1213 4100 1320 4159 iudicat
1330 4107 1443 4173 poetam
1455 4101 1642 4167 coniunxisse,
1659 4105 1693 4157 ut
1711 4114 1746 4158 ιι
1759 4099 1884 4157 carmina
1899 4098 1991 4157 scrius

256 4206 339 4260 quam
356 4194 453 4247 cetera
470 4189 547 4246 inter
563 4205 597 4247 ιι
611 4188 762 4244 cohaerere
778 4193 809 4246 et
826 4203 932 4246 conexa
949 4201 1013 4245 ιιιι
1032 4188 1209 4259 significaret
1226 4186 1266 4251 (F.
1283 4186 1318 4243 11
1335 4185 1420 4255 spica.
1438 4203 1465 4259 p.
1483 4188 1515 4244 11
1533 4184 1599 4244 adn.
1616 4185 1654 4252 1).

210 4278 236 4344 ⁸)
254 4276 286 4345 Q.
304 4274 441 4332 Horatius
458 4273 584 4330 Flaccus.
618 4271 736 4330 Hrkltrt
751 4288 809 4331 roa
825 4273 861 4330 11.
879 4273 993 4331 schum.
1011 4272 1035 4329 1.
1052 4273 1078 4330 2.
1095 4271 1169 4330 And.
1186 4271 1261 4329 Berl.
1279 4272 1355 4330 ltlw.
1372 4286 1400 4345 p.
1416 4272 1477 4330 atr.

210 4364 235 4426 ι)
252 4358 295 4416 Ab
314 4373 430 4417 ιιιιιιιι
447 4356 507 4415 divi
522 4356 649 4428 Augusti
666 4358 691 4425 1,
708 4358 734 4414 b.

211 4441 672 4514 ’ilianoacsrminscnpb

210 4533 235 4597 ⁸)
252 4529 456 4599 morsgsasns
472 4540 524 4582 aar
534 4524 722 4597 chronologis
734 4524 785 4581 dcc
795 4524 989 4583 Homiscben
1001 4522 1148 4583 Gedichtc.
1170 4524 1336 4583 mischum
1348 4523 1394 4583 tur
1404 4523 1450 4582 dic
1461 4520 1835 4581 Altertbumsvisscasehsit
1846 4520 1896 4582 nt
1915 4522 1990 4579 1842

256 4611 423 4670 Βιιιιιιιιὶι
439 4613 464 4670 1.
482 4625 506 4668 c.
522 4625 551 4681 p.
568 4611 644 4667 1111.

210 4700 237 4766 1)
254 4695 296 4754 De
313 4697 466 4754 carminum
483 4694 593 4764 aliquot
609 4693 826 4751 Homtlanorum
843 4693 1031 4767 chronologia
1058 4695 1206 4768 Harburgl
1222 4694 1375 4752 flassorum
1393 4693 1468 4752 1833
1485 4706 1545 4764 cap.
1564 4691 1633 4766 ip.
1651 4693 1675 4748 1.

211 4784 238 4848 ·)
255 4779 402 4838 Horatius.
430 4780 522 4838 arsen
537 4778 596 4836 and
614 4778 738 4838 ernust·
755 4778 969 4853 manuopera.
986 4779 1027 4850 11,
1046 4783 1086 4839 10.
1104 4781 1181 4839 1833.
1198 4795 1225 4853 p.
1242 4781 1295 4840 460
1309 4781 1338 4836 b.

212 4872 237 4937 ⁸)
255 4865 353 4924 Horat.
370 4865 462 4925 Beati
481 4866 506 4923 1.
522 4862 611 4937 praet
628 4864 707 4927 XIX.
