4450 5475
495 1087 877 1241 buaenonoa
920 1094 1377 1272 chronologicae
1419 1093 1799 1232 Horatianus.

335 1370 528 1487 Tempomm
543 1401 658 1489 quibus
672 1401 799 1470 Horatii
821 1404 962 1470 carmina
982 1404 1101 1490 scripta
1114 1403 1182 1470 sint
1195 1402 1411 1471 definitionem
1432 1402 1557 1472 adeius
1578 1404 1678 1470 vitam
1693 1410 1727 1471 ιι
1740 1424 1835 1491 opera
1849 1400 2069 1488 cognoscenda

232 1505 371 1572 maximo
398 1509 473 1575 usui
499 1529 570 1577 esse
598 1531 668 1577 cum
690 1511 848 1577 neminem
875 1531 939 1578 non
970 1510 1141 1579 concedere
1169 1510 1313 1594 rideam,
1349 1512 1464 1578 mirum
1491 1510 1593 1577 rideri
1621 1517 1727 1599 potest
1758 1509 1844 1597 quod
1872 1510 1968 1575 edam
1996 1515 2069 1594 pust

233 1604 408 1696 Franlrii1)
430 1608 532 1678 fastos
547 1611 739 1679 Horatianos
753 1633 792 1678 ea
813 1614 958 1698 quaestio
981 1612 1223 1699 redintegratur.
1263 1612 1360 1680 Cuius
1381 1615 1428 1680 rei
1449 1615 1478 1680 ai
1499 1614 1572 1698 quis
1593 1611 1654 1679 hoc
1674 1632 1738 1678 non
1760 1613 1840 1679 satis
1860 1630 1977 1677 causae
1997 1629 2068 1675 esse

231 1713 338 1793 putet,
363 1709 448 1797 quod
468 1711 645 1796 Frankins,
676 1719 714 1780 ut
735 1714 862 1799 saepius
892 1716 1074 1799 expositum
1096 1721 1164 1796 est,
1195 1734 1259 1780 non
1281 1735 1406 1802 semper
1425 1735 1535 1781 verum
1557 1712 1649 1797 vidit,
1675 1721 1759 1781 certe
1779 1733 1818 1778 ex
1839 1733 1901 1799 qno
1923 1709 1971 1776 illi
1992 1709 2069 1775 fasti

234 1806 402 1878 Horatiani
424 1814 457 1879 in
477 1811 580 1881 lucem
602 1814 680 1881 editi
700 1821 784 1898 sunt
807 1835 901 1882 curae
921 1815 1093 1881 multorum
1114 1816 1256 1881 viromm
1278 1815 1442 1883 doctorum
1464 1816 1497 1882 in
1512 1815 1637 1882 Horatii
1658 1814 1850 1882 carminibus
1865 1810 1996 1880 menois
2018 1831 2068 1877 re·

234 1912 462 1996 cognoscendis
482 1914 691 2002 explanandis
705 1914 869 1983 adhibitae
891 1914 1089 2003 protulerunt
1108 1936 1172 1982 non
1194 1938 1298 2004 pauca
1318 1914 1359 1984 ad
1375 1915 1555 1984 definienda
1577 1924 1719 2003 tempora
1733 1917 1906 1983 carminum
1921 1920 2069 2000 spectum

233 2012 281 2078 tia
300 2034 383 2099 quae
403 2014 550 2104 colligere
571 2019 751 2085 examinare
772 2018 813 2085 ad
835 2020 1052 2106 quaestionem
1074 2025 1216 2085 nosbam
1230 2017 1345 2085 referre
1366 2020 1629 2105 operaepretium
1650 2019 1703 2084 sit.
1735 2018 1849 2103 ltaque
1869 2013 2069 2096 ohnsow)

235 2134 363 2201 quoqne
382 2119 646 2187 commentatione
668 2118 783 2186 abhinc
803 2119 879 2186 vm
901 2140 1003 2186 annos
1024 2118 1111 2186 edita
1138 2119 1178 2186 de
1203 2121 1299 2186 trium
1319 2121 1458 2207 priorum
1483 2119 1636 2187 librorum
1658 2120 1832 2186 carminum
1854 2117 1993 2184 editione
2014 2113 2070 2181 de-

238 2235 304 2283 nuo
326 2216 543 2285 disserendum
567 2220 629 2287 sibi
650 2241 721 2289 esse
743 2221 916 2288 arbitratus
938 2220 1032 2288 aliter
1053 2241 1093 2287 ιι
1113 2220 1154 2286 de
1174 2240 1209 2287 re
1230 2241 1265 2287 se
1287 2221 1405 2287 rendre
1425 2241 1463 2288 nc
1483 2219 1659 2288 Frankium
1683 2219 1832 2304 ostendit,
1859 2217 1973 2285 leniter
1994 2217 2070 2284 atti·

237 2317 287 2402 git
306 2316 390 2405 quod
411 2322 626 2408 pervestigare
647 2329 791 2389 nostrum
820 2328 871 2388 est
892 2322 1005 2410 quibus
1027 2322 1221 2407 temporibus
1243 2324 1418 2409 composita
1438 2329 1472 2389 et
1492 2321 1581 2389 edita
1605 2323 1671 2389 sint
1692 2323 1833 2388 carmina
1854 2320 1960 2407 quarti
1987 2317 2069 2385 libri

237 2417 343 2502 Atque
362 2419 504 2506 proiecto
525 2430 561 2489 nt
583 2443 693 2490 omnes
713 2423 753 2490 de
773 2425 878 2509 quarti
899 2423 971 2490 libri
993 2421 1188 2509 temporibus
1209 2423 1424 2490 dubitationes
1445 2423 1592 2491 sublatae
1613 2424 1679 2491 sint
1695 2430 1819 2489 tantum
1841 2421 1942 2503 abeat
1963 2427 2001 2486 ut
2021 2418 2069 2484 di·

238 2538 351 2586 uersas
371 2521 405 2587 in
426 2531 534 2608 partes
554 2523 718 2592 discedant
738 2528 834 2591 etiam
856 2546 940 2591 nnnc
962 2543 1001 2590 ea
1021 2523 1060 2591 de
1073 2545 1106 2592 re
1128 2525 1190 2591 riri
1210 2524 1306 2592 docti.
1337 2524 1425 2592 Inter
1444 2545 1524 2613 qnos
1545 2524 1605 2591 hoc
1624 2523 1695 2592 loco
1710 2523 1844 2590 duorum
1857 2521 1980 2589 adferre
1995 2540 2069 2586 sen·

243 2623 362 2689 tentiae
382 2625 463 2691 satis
483 2624 604 2694 habeo:
637 2626 799 2713 Gampii⁸)
821 2628 876 2712 qni
899 2628 1039 2693 carmina
1060 2646 1081 2692 a
1100 2633 1198 2713 pocta
1217 2626 1250 2692 in
1272 2627 1396 2693 scriniis
1418 2626 1527 2692 relicta
1551 2627 1585 2693 in
1612 2633 1723 2713 quarto
1743 2623 1825 2690 libro
1846 2621 1980 2690 collecta
1999 2642 2072 2688 esse

242 2732 352 2792 ιιιιιι
373 2723 623 2814 Bosenbergiii)
645 2729 696 2795 cui
718 2728 814 2795 etiam
837 2729 975 2815 priorum
998 2730 1173 2815 temporum
1193 2735 1341 2815 poemata
1362 2725 1435 2793 hnic
1455 2726 1537 2795 libro
1557 2729 1678 2795 inserta
1699 2725 1846 2793 videntur
1867 2746 1948 2793 esse.

345 2827 418 2895 Una
439 2835 549 2896 exstat
568 2827 695 2897 Horatii
721 2832 791 2897 rita
816 2851 897 2916 quae
925 2829 1053 2918 quidem
1076 2831 1199 2915 antiqui
1220 2831 1381 2917 scriptoris
1402 2832 1447 2896 sit
1467 2837 1616 2919 excerpta
1641 2850 1680 2896 ex
1708 2849 1749 2895 ca
1768 2826 1912 2895 Suetonii
1938 2824 2010 2892 libri
2033 2823 2073 2888 de

243 2928 322 2994 riuis
342 2927 519 2997 illustribus
536 2938 626 3017 parte
646 2952 728 3017 quae
746 2931 785 2998 de
806 2932 909 3018 poetis
929 2939 998 2997 erat
1018 2929 1232 3018 compluribus
1248 2930 1374 2997 Horatii
1396 2930 1556 2998 codicibus
1577 2932 1800 3017 manuscriptis
1822 2926 1993 3011 traditas‘).
2035 2925 2072 2990 ln

243 3049 307 3111 qua
327 3028 367 3095 de
388 3037 500 3116 quarto
522 3034 695 3099 carminum
715 3032 796 3100 libro
818 3030 897 3099 haec
917 3033 1088 3118 insunt⁸)-:
1111 3030 1256 3118 „Scripta
1276 3032 1403 3120 quidem
1424 3033 1494 3099 eius
1508 3051 1609 3119 nsque
1629 3031 1708 3099 adeo
1722 3031 1869 3120 probarit
1883 3025 2073 3114 (Augustus)

241 3148 453 3217 mansuraque
474 3140 624 3219 perpetuo
646 3137 795 3220 opinatus
816 3141 876 3216 ιιι,
897 3139 935 3200 ιιι
956 3153 1020 3200 non
1040 3128 1136 3200 modo
1157 3133 1319 3200 saeculare
1340 3153 1467 3200 carmen
1488 3131 1726 3220 conponendam
1748 3132 1936 3211 inicarent,
1963 3127 2019 3194 sed
2041 3137 2075 3192 ιι

241 3229 437 3298 Vindelicum
464 3235 629 3302 victoriam
658 3235 778 3302 Tiberii
805 3235 962 3320 Drusique
990 3234 1207 3320 privignorum
1236 3256 1383 3318 suorum,
1412 3255 1547 3321 eumque
1568 3235 1706 3319 coegerit
1731 3240 1857 3321 propter
1884 3231 1945 3298 hoc
1972 3228 2074 3296 tribus

242 3333 417 3399 carminum
438 3333 529 3403 libris
545 3335 695 3424 exlongo
718 3335 887 3404 intervallo
905 3342 1052 3422 quartum
1074 3334 1190 3401 addere
1199 3337 1228 3413 ;“
1249 3336 1435 3424 quibuscum
1456 3356 1539 3424 quae
1554 3335 1658 3403 adfert
1672 3332 1889 3422 rapacior)
1911 3338 2075 3418 tantopere

300 3520 326 3586 ¹)
343 3518 424 3577 Fasti
439 3519 599 3577 Horatianl.
627 3521 747 3592 Scripsit
764 3521 879 3580 cernitu
896 3518 1016 3578 Franks
1044 3519 1164 3576 Amedit
1180 3519 1300 3592 epistula
1317 3518 1410 3579 caruil
1426 3519 1607 3579 cunnum
1625 3518 1718 3577 Berol.
1735 3520 1810 3575 1889.

300 3607 325 3669 ²)
341 3603 492 3662 Fastorum
503 3605 725 3663 Horatianornm
741 3604 878 3676 epicrisis
908 3606 978 3662 Viro
995 3604 1152 3662 clarissime
1169 3604 1314 3662 Lecnardo
1332 3605 1367 3661 de
1378 3604 1499 3676 Spengel
1516 3605 1751 3674 congratulantur
1767 3602 1878 3659 sedales
1890 3601 1996 3659 ordinis
2013 3600 2075 3672 phi·

344 3688 524 3762 iosopborunr
540 3689 736 3749 unimrsitstis
752 3687 1149 3749 haderico-lissimilianeae
1165 3688 1214 3759 pia
1231 3689 1404 3759 ratimarum
1424 3694 1494 3747 sota
1509 3688 1717 3758 interpretante
1733 3685 1874 3744 Guilelnro
1897 3686 2003 3744 christ
2015 3685 2074 3743 lic·

342 3774 436 3832 nesbit
454 3775 529 3832 1877.

299 3862 326 3926 ⁸)
343 3858 371 3917 J.
389 3857 438 3917 Cin
455 3857 487 3915 F.
504 3858 616 3931 campe.
645 3858 688 3917 Zn
707 3859 851 3917 Horatius.
879 3860 957 3919 liene
974 3859 1150 3918 Jahrbllcher
1166 3857 1212 3915 ιιι
1229 3857 1387 3927 Pnnolopie
1403 3872 1431 3914 n
1449 3856 1623 3929 Panapegik
1641 3857 1716 3914 1877.
1733 3871 1761 3927 p
1778 3855 1829 3912 129
1845 3870 1905 3926 ιιι.
1922 3871 1949 3925 p.
1967 3856 2026 3913 141.

300 3945 327 4010 ⁴)
344 3941 519 4014 Hcsenberg,
535 3942 582 4001 die
598 3943 677 4002 Oden
692 3942 751 4001 und
768 3944 885 4014 iipoden
901 3944 951 4002 des
968 3945 1000 4015 Ο,
1018 3943 1156 4001 Horatius
1173 3943 1297 4000 macena
1320 3942 1414 4000 (iotha
1433 3944 1508 4000 1888.
1525 3958 1552 4012 p.
1569 3945 1594 3999 8.

301 4030 328 4098 ⁸)
345 4027 499 4097 „Reliquae
516 4027 618 4086 Horati
634 4028 713 4085 sitae
729 4028 856 4086 inlibris
872 4035 974 4102 poetae
990 4034 1119 4101 repertae
1136 4042 1172 4084 ne
1188 4027 1276 4084 ullam
1300 4026 1411 4096 quidem
1433 4028 1581 4097 antiquam
1598 4025 1768 4093 memoriam,
1790 4024 1846 4082 ιιίιί
1864 4039 1936 4093 quse
1954 4038 1990 4081 ex
2006 4024 2077 4094 ipsis

348 4112 520 4170 carminibus
536 4116 650 4181 recepta
672 4113 719 4180 sit,
740 4114 913 4171 momenti.
935 4111 1155 4181 (Reifferscheid,
1173 4112 1300 4169 Suetonii
1317 4111 1454 4182 reliquiae
1471 4128 1498 4183 p.
1516 4113 1576 4169 887.
1603 4109 1720 4179 Teuffel,
1744 4109 1911 4167 Gescbichte
1928 4108 1979 4166 der
1995 4108 2077 4165 rimi·

347 4197 433 4253 scien
450 4196 595 4254 liuntur
611 4197 638 4253 a
655 4196 728 4254 And„
746 4197 865 4269 hapsip
881 4200 956 4256 1875.
973 4214 1001 4270 p.
1018 4199 1090 4263 aaa)

300 4285 325 4347 ⁸)
342 4281 374 4350 ί).
392 4279 504 4338 Horatii
522 4281 616 4339 Flacci
633 4282 759 4339 carmina
775 4283 942 4354 recognovit
959 4291 990 4340 et
1008 4282 1154 4355 praetatus
1172 4288 1217 4339 est
1233 4281 1377 4339 Lucienus
1395 4280 1523 4339 ilueiler.
1542 4281 1619 4351 nipe.
1638 4282 1706 4338 1870
1722 4296 1750 4350 p.
1766 4282 1818 4338 212
1834 4284 1866 4338 ιι
1881 4295 1943 4352 ιιι.

301 4368 327 4432 1)
343 4365 487 4437 Pomponii
504 4364 704 4435 Porphyrionis
721 4367 914 4424 commentarii
931 4368 962 4425 in
978 4369 1010 4438 Q.
1029 4366 1181 4424 Horatium
1198 4367 1336 4423 Flaccum.
1375 4365 1530 4423 Recensuit
1546 4364 1702 4422 Guilelmus
1718 4365 1814 4435 Heper
1830 4364 1978 4434 Spirensis
2001 4362 2079 4432 Lipa.

347 4450 415 4508 1874
437 4449 475 4508 ad
498 4449 614 4507 odarum
631 4449 734 4508 librum
752 4451 801 4519 1v‚
818 4453 834 4508 1
854 4461 892 4522 (p.
909 4453 970 4521 121)
993 4452 1080 4521 „Post
1097 4456 1302 4508 consummatos
1320 4450 1468 4519 editosque
1491 4456 1552 4506 tres
1574 4449 1729 4506 minum
1747 4450 1834 4507 libros
1851 4448 1970 4506 ιιιιιίιιιο
1992 4447 2079 4504 inter·

345 4534 423 4592 talio
441 4534 515 4592 hunc
532 4540 663 4606 quartum
675 4535 798 4592 snubere
815 4537 964 4607 conpulsus
981 4551 1043 4593 esse
1061 4536 1167 4591 dicitnr
1184 4535 1219 4592 ab
1231 4537 1372 4606 Angusto,
1388 4541 1423 4591 nt
1439 4533 1559 4591 Neronis
1577 4533 1702 4604 privigni
1720 4534 1782 4591 eins
1799 4532 1948 4589 sictonam
1958 4532 1994 4589 de
2006 4532 2079 4588 Hae·

344 4619 384 4677 tis
401 4618 557 4680 Vindelicis
574 4620 732 4690 quaesitam
748 4620 923 4689 inlustraret,
947 4636 1020 4690 quae
1043 4622 1074 4679 in
1096 4622 1147 4677 hoc
1169 4621 1241 4677 libro
1259 4634 1294 4677 ea
1310 4618 1363 4675 cde
1380 4618 1568 4686 eontinentur,
1590 4633 1663 4687 qnae
1685 4618 1728 4675 sic
1744 4617 1846 4688 incipit
1865 4616 1979 4687 Qualem
1998 4615 2080 4672 mini·

344 4702 436 4761 strdm
452 4703 577 4762 fulminis
595 4705 711 4762 alitem“
728 4704 765 4761 ad
783 4705 854 4764 oden
870 4710 896 4773 4,
914 4706 931 4762 4
948 4710 988 4776 (ιι.
1006 4707 1067 4773 126)
1091 4705 1186 4772 „Haec
1203 4711 1249 4761 est
1265 4705 1372 4774 eclam,
1390 4709 1615 4774 propterquam,
1633 4708 1770 4772 utsupra
1793 4701 1975 4767 ostendimus,
1999 4706 2078 4756 totus

344 4789 391 4847 laic
413 4789 485 4847 liber
508 4789 668 4860 conpositus
691 4797 745 4848 est
778 4791 890 4864 Scripta
917 4795 963 4850 est
985 4806 1053 4864 ergo
1071 4790 1101 4847 in
1123 4789 1259 4847 Neronem
1277 4788 1400 4846 Drusum
1429 4787 1591 4860 priuignum
1615 4794 1645 4845 et
1667 4801 1856 4847 ιιιιιιιιοιιιιι
1873 4777 2082 4857 Angusti'qni

344 4877 451 4936 Raetos
467 4872 629 4934 Vindelicos
645 4875 720 4935 belin
736 4874 835 4935 sinit¹t
1859 4950 1875 5008 1
