4450 5475
1095 242 1149 318 15

307 455 505 544 Frankius²)
528 459 621 527 odam
644 462 730 526 intra
755 461 908 547 temporis
928 460 1085 527 cancellos
1106 458 1223 546 quibus
1244 456 1385 545 reliquae
1405 457 1546 526 inclusae
1567 460 1634 527 siut
1653 458 1804 544 scriptam
1825 477 1897 524 esse
1918 459 2041 526 statuit.

206 561 398 630 Kirchnerus
408 563 440 629 11
462 583 546 628 anno
569 563 632 630 740
654 582 779 627 carmen
801 562 959 647 adsignat
982 559 1248 644 Grotalendius⁸l
1270 581 1300 625 a
1323 559 1386 626 738
1408 560 1585 627 coniectum
1612 580 1683 627 esse
1703 579 1830 626 carmen
1851 560 2040 645 suspicatur,

208 664 292 749 quod
318 665 435 729 invitet
461 662 633 750 Vergilium
661 672 775 748 poetae
802 662 944 729 sodalem
975 665 1029 749 qui
1056 662 1142 750 apud
1163 661 1300 728 Drusum
1322 668 1355 728 et
1378 661 1539 728 Tiberim
1560 669 1707 729 versatus
1729 662 1782 744 sit,
1802 663 1985 747 priusquam
2007 663 2039 728 in

207 764 324 831 Raetia
344 774 377 832 et
399 763 574 832 Vindelicis
593 763 678 831 bella
699 786 729 830 1.
752 764 814 833 739
835 767 1002 851 gesserint.

1076 1034 1175 1105 KV.

308 1200 356 1269 De
375 1203 478 1287 quinti
499 1201 613 1269 decimi
636 1204 784 1269 carminis
802 1209 942 1288 tempore
964 1204 1018 1290 qui
1039 1202 1207 1290 disputant
1220 1222 1377 1271 summam
1404 1224 1532 1290 operam
1554 1202 1641 1286 dant,
1662 1210 1699 1270 ut
1720 1224 1783 1291 quo
1805 1210 1947 1290 tempore
1966 1201 2041 1271 Jani

208 1303 359 1390 templum
382 1306 510 1370 tertium
532 1303 674 1371 clausum
704 1306 748 1370 sit
774 1304 955 1371 ostendant.
998 1304 1075 1372 Cum
1102 1307 1187 1371 euim
1209 1307 1297 1391 pacis
1323 1305 1479 1374 beneficia
1500 1306 1635 1392 Augusti
1656 1306 1787 1390 imperio
1810 1304 1963 1372 Romanis
1983 1307 2041 1371 tri·

207 1404 288 1471 buta
309 1412 474 1472 enumerat
493 1413 598 1491 poeta,
618 1426 755 1472 vacuum
776 1404 891 1471 duellis
912 1405 1029 1473 Jauum
1055 1427 1077 1474 a
1102 1408 1241 1493 principe
1270 1407 1414 1474 clausum
1442 1427 1514 1473 esse
1535 1407 1581 1491 (v.
1604 1408 1637 1490 8)
1658 1405 1830 1493 praedicat.
1873 1406 1952 1473 Inde
1980 1428 2039 1492 pa·

207 1513 275 1573 tere
295 1513 490 1594 putaverunt
509 1506 567 1587 illi,
589 1528 660 1573 cum
683 1505 799 1573 anum
822 1514 871 1573 ter
891 1507 1035 1594 Augusto
1061 1515 1213 1593 regnante
1243 1507 1388 1574 clausum
1417 1529 1487 1574 esse
1508 1509 1687 1592 constet⁴)‚
1716 1514 1884 1593 postquam
1911 1510 2040 1575 tertium

208 1606 351 1675 clausum
372 1612 426 1691 sit,
448 1607 508 1674 hoc
529 1629 655 1674 carmen
676 1609 883 1694 compositum
905 1627 986 1675 esse.
1018 1608 1087 1689 Quo
1110 1629 1194 1675 anuo
1217 1607 1276 1676 lroc
1297 1610 1416 1677 iactum
1438 1611 1491 1691 sit,
1513 1629 1577 1674 non
1598 1610 1679 1675 satis
1700 1617 1834 1691 constat
1856 1607 2039 1676 Massurium

207 1710 237 1775 si
258 1711 400 1796 sequeris
419 1730 450 1775 1.
473 1710 545 1792 744,
567 1709 648 1775 alios
669 1710 741 1776 748.
771 1709 931 1776 Disserere
953 1710 992 1775 de
1013 1707 1073 1776 hac
1094 1731 1127 1776 re
1148 1709 1278 1795 longum
1300 1720 1359 1792 est,
1386 1730 1461 1777 uam
1482 1709 1562 1776 nihil
1583 1712 1700 1777 attinet
1720 1709 1761 1775 ad
1783 1719 1907 1795 tempus
1927 1712 2042 1776 carmi·

208 1812 260 1877 nis
284 1813 386 1878 nostri
415 1809 638 1878 deliniendum.
680 1811 725 1877 Ut
752 1812 835 1877 enim
866 1813 930 1876 iam
951 1810 1113 1878 Frankius
1135 1819 1219 1879 recte
1241 1812 1390 1894 ostendit,
1411 1832 1514 1898 neque
1535 1810 1596 1877 hoc
1624 1812 1657 1876 in
1680 1813 1818 1878 camnine
1843 1812 1961 1879 dictum
1991 1820 2042 1878 est

207 1932 310 1999 neque
330 1910 458 1979 aliunde
479 1912 614 1978 efficitur
628 1911 794 1978 Horatium
815 1912 933 1979 Janum
954 1914 1082 1978 tertium
1104 1912 1247 1980 clausum
1270 1911 1323 1979 illo
1346 1933 1440 1979 versu
1462 1913 1670 1998 significasse.
1703 1914 1803 1994 Quem
1825 1932 1954 1978 versum
1975 1914 2039 1979 iam

207 2013 342 2080 scribere
362 2015 467 2100 potuit
485 2021 589 2100 poeta,
617 2034 688 2079 cum
709 2012 783 2080 Jani
811 2012 962 2101 templum
985 2015 1122 2102 primum
1149 2015 1190 2082 ab
1212 2020 1356 2100 Augusto
1384 2013 1525 2080 clausum
1547 2015 1637 2098 esti)
1660 2017 1704 2096 (a
1727 2012 1803 2099 715)
1825 2034 1929 2098 neque
1951 2012 2039 2082 uliud

207 2116 374 2202 quicquam
394 2135 436 2181 ea
455 2135 495 2181 ex
515 2135 549 2180 re
570 2112 713 2188 concludi
731 2122 847 2200 potest
880 2115 968 2196 Quae
989 2135 1060 2182 cum
1083 2117 1130 2182 itu
1150 2118 1225 2200 sint,
1246 2114 1331 2182 aliae
1348 2115 1496 2182 notiones
1517 2116 1669 2202 temporis
1690 2113 1933 2202 investigandae
1953 2122 2039 2182 suut

206 2207 305 2282 Recte
326 2214 485 2282 Fraukius
506 2224 620 2302 poema
640 2217 790 2302 seriptum
811 2235 883 2282 esee
904 2223 996 2303 putat

292 2317 326 2402 a)
348 2325 421 2403 post
441 2337 471 2383 1.
494 2317 557 2384 734
578 2316 619 2384 ob
641 2319 808 2404 116111.
1111 2311 1114 2318 ”

660 2409 664 2416 ’
853 2416 895 2483 Et
915 2418 1010 2503 sigua
1030 2425 1140 2485 nostro
1162 2419 1304 2486 restituit
1324 2417 1399 2485 Jovi

850 2518 988 2605 Derepta
1008 2518 1199 2586 Parthorum
1220 2519 1365 2607 superbis

1000 2618 1154 2687 Postibus
1175 2655 1217 2670 -

291 2718 326 2799 11)
347 2728 420 2807 post
440 2720 548 2790 1735
569 2743 631 2809 quo
654 2720 886 2804 1111111111,
908 2727 946 2788 ut
964 2719 1052 2808 leges
1074 2720 1114 2789 ab
1130 2722 1274 2810 Augusto
1295 2721 1381 2790 latae
1395 2722 1610 2808 Augustarum
1624 2719 1754 2786 nomine
1769 2720 2035 2808 insignirentur⁸)

344 2842 419 2889 uam
440 2824 473 2889 in
495 2846 527 2890 v.
549 2824 591 2889 22
613 2822 718 2888 edicta
738 2818 828 2888 Julia
848 2831 1144 2891 commemorantur.

295 2925 326 3008 c)
347 2933 421 3011 post
447 2946 478 2991 1.
500 2925 562 2992 736
594 2925 634 2991 11)
661 2925 735 2992 19
762 2931 796 2990 et
825 2944 908 3010 sqq.,
934 2924 990 2990 ubi
1017 2922 1106 3011 leges
1128 2924 1168 2992 de
1195 2924 1348 3013 pudicitia
1374 2930 1407 2990 et
1435 2921 1476 2990 de
1504 2920 1691 2989 maritandis
1721 2923 1884 2991 ordinibus
1914 2944 1945 2992 1
1973 2924 2037 2995 736

343 3024 429 3092 latae
450 3029 669 3113 respiciuntur.
1627 3070 1629 3074 >

267 3116 270 3121 ’
307 3126 398 3208 Quod
418 3148 494 3194 vero
517 3127 665 3214 deinceps
685 3124 858 3192 verisimile
884 3129 955 3192 esse
977 3124 1148 3194 arbitratur
1167 3125 1327 3194 Prankius
1354 3144 1481 3194 carmen
1506 3130 1580 3211 post
1607 3123 1741 3191 reditum
1762 3126 1897 3213 Augusti
1923 3135 1957 3195 et
1976 3127 2038 3196 hac

208 3223 248 3292 de
269 3246 366 3293 causa
386 3228 550 3315 aliquanto
572 3236 646 3316 post
667 3229 792 3294 initium
814 3247 844 3292 a
867 3227 927 3293 741
952 3236 1115 3295 exaratum
1137 3248 1218 3311 esse,
1241 3230 1334 3295 certis
1355 3228 1552 3314 argumentis
1573 3227 1683 3292 nititur
1706 3225 1812 3293 nullis.
1855 3227 2039 3297 Sententia·
2069 3238 2072 3242 “

205 3349 276 3393 rum
297 3327 471 3396 similitudo
497 3331 580 3397 inter
600 3330 703 3397 nostri
723 3328 872 3394 carminis
898 3349 952 3393 vv.
980 3330 1020 3396 31
1050 3335 1084 3395 et
1108 3329 1152 3396 31
1177 3338 1211 3395 ct
1237 3351 1332 3396 carm.
1359 3329 1507 3396 111149
1534 3335 1566 3393 et
1585 3326 1629 3393 50
1657 3325 1698 3392 de
1718 3332 1860 3413 tempore
1880 3333 2039 3398 communi

204 3424 319 3494 horum
340 3431 514 3496 carminum
536 3431 581 3497 nil
602 3430 813 3505 demonstrat3
835 3437 871 3496 at
891 3450 985 3514 quem
1001 3428 1062 3496 hoc
1082 3451 1145 3496 non
1167 3432 1331 3517 praeteriit
1344 3428 1518 3495 Prankium
1540 3429 1716 3493 sententiae
1738 3428 1818 3495 odae
1835 3429 1895 3496 XV
1915 3430 2037 3499 similes

205 3531 334 3596 exeunti
354 3533 487 3597 carmini
506 3531 580 3597 xlv
601 3531 748 3598 inducere
768 3550 831 3596 non
860 3530 1027 3614 debebant,
1049 3539 1086 3598 ut
1112 3531 1187 3597 inde
1208 3532 1290 3598 effici
1311 3537 1439 3618 putaret
1458 3551 1520 3616 quo
1543 3536 1684 3615 tempore
1705 3549 1732 3594 c
1752 3529 1827 3596 xlv
1848 3530 1959 3599 eodem
1980 3533 2040 3600 XV

206 3639 371 3698 exaratum
392 3652 475 3698 csse.
512 3632 559 3699 lle
579 3632 657 3699 illud
679 3632 816 3719 quidem,
837 3629 921 3719 quod
942 3639 1110 3718 utrumque
1132 3653 1256 3698 carmen
1278 3630 1310 3697 in
1333 3631 1455 3718 aliquot
1476 3629 1636 3697 codicibus
1657 3629 1691 3696 in
1717 3651 1817 3696 unum
1839 3635 2040 3721 coniungitur

204 3729 301 3798 ullius
322 3735 475 3799 momenti
496 3732 538 3799 ad
558 3740 684 3820 tempus
706 3734 854 3799 carminis
875 3731 1087 3798 deliniendum
1108 3741 1168 3800 est.
1210 3732 1310 3800 Multo
1332 3731 1457 3799 facilius
1478 3731 1672 3813 adducimur,
1693 3737 1731 3797 ut
1750 3735 1891 3801 carmina
1912 3733 1975 3802 duo
1998 3735 2038 3803 ob

197 3826 434 3900 'sententiarum
456 3833 695 3901 similitudinem
717 3836 751 3901 iu
771 3856 871 3901 unum
893 3854 1005 3919 corpus
1033 3832 1168 3900 confusa
1187 3856 1283 3921 quam
1303 3855 1403 3900 unum
1423 3840 1457 3899 et
1476 3834 1634 3919 integrum
1663 3853 1789 3899 carmen
1810 3835 1843 3899 in
1865 3833 1945 3902 duas
1966 3857 2039 3922 par·

206 3943 256 4001 tes
276 3933 432 4021 dilapsum
456 3954 527 4001 esse
548 3942 706 4021 putemus.

308 4034 531 4119 Schuetsi0⁷l‚
559 4036 613 4121 qui
642 4058 674 4103 v.
702 4037 742 4103 11
766 4035 869 4102 Dacos
890 4036 923 4101 in
945 4034 1144 4102 Pannoniam
1170 4041 1259 4101 trans
1280 4033 1460 4101 Danubium
1482 4036 1643 4122 ingressos
1676 4041 1710 4100 et
1737 4054 1767 4100 a.
1789 4033 1853 4101 745
1874 4057 1940 4104 una
1966 4059 2038 4104 cum

205 4134 380 4203 Pannoniis
408 4159 430 4204 a
451 4137 576 4205 Tiberio
603 4138 737 4204 reiectos
764 4138 938 4224 significari
963 4143 1071 4222 putat,
1105 4135 1277 4202 verisimile
1306 4142 1355 4202 est
1388 4156 1513 4203 11111111
1541 4157 1640 4202 unum
1672 4156 1712 4202 ex
1739 4133 1877 4220 ultimis,
1903 4137 2039 4206 fortasse

265 4324 289 4390 1)
307 4321 384 4379 Fast
401 4321 437 4379 Η.
455 4337 483 4393 p·
499 4322 558 4379 111.

265 4409 291 4475 ¹)
308 4406 378 4465 rao.
396 4408 489 4463 chron
508 4406 567 4463 740

264 4495 289 4557 ¹)
307 4491 408 4549 Horat
425 4508 452 4563 p.
469 4490 556 4548 47511.
582 4489 632 4546 cir.
650 4489 792 4547 Schriftst
811 4488 912 4547 Laufb.
931 4491 989 4546 151.
1007 4490 1186 4547 leaena

263 4580 289 4644 ι)
307 4577 420 4633 sueton
438 4579 511 4644 Aug.
528 4577 563 4632 11
580 4575 701 4644 danum
718 4573 865 4642 Quirinum
882 4580 928 4631 tar
945 4575 1056 4632 clusit“.

263 4662 288 4728 ⁸)
305 4660 355 4716 cir.
373 4660 455 4717 Dion.
471 4661 514 4716 51.
530 4661 574 4716 10.
591 4658 653 4716 Lis.
671 4659 696 4725 1,
714 4660 755 4715 19.
774 4657 845 4715 Veli.
864 4658 903 4725 11,
920 4661 963 4716 38.

263 4748 289 4813 ·)
308 4744 460 4804 11111111.
479 4745 522 4813 54,
542 4744 582 4801 10.

259 4834 284 4896 ²)
304 4828 650 4901 1111111θό11.
