4450 5475
1019 142 1046 259 a

121 412 306 491 congruunt,
329 411 365 471 ut
385 425 457 470 eum
479 403 566 470 illam
591 403 735 472 Suetonii
758 406 857 469 vitam
879 411 1114 494 secutum-esee
1131 403 1205 496 ¹siue
1226 399 1292 465 ulla
1318 398 1518 465 dubitatione
1538 398 1672 465 iudicari
1699 401 1811 486 possit
1856 398 1955 465 Pleri-

121 528 182 591 que
196 508 256 572 riri
279 506 363 573 docti
378 506 528 573 Suetonio
549 505 644 571 fidem
667 506 803 572 tribuere
824 525 887 570 nou
903 493 1141 594 dubitaverunt,
1162 503 1245 570 inter
1267 521 1346 585 quos
1361 498 1538 566 Richardus
1560 499 1764 586 Bentleius¹)
1787 499 1954 587 „plenissi-

120 610 237 688 mum“,
266 609 378 693 inquit,
409 607 572 691 „Suetonii
595 608 810 672 testimonium
834 608 887 691 qui
908 613 965 671 aut
986 599 1129 710 qefellere
1155 610 1211 669 aut
1233 602 1359 669 eludere
1388 609 1542 668 conantur
1563 602 1691 669 inanem
1713 623 1840 688 operam
1865 604 1953 668 insu·

120 711 243 776 munt“.
1027 707 1030 714 ⁴
1089 697 1094 712 ⁸

221 811 326 893 Atque
350 808 435 892 quod
458 807 628 873 Suetonius
655 814 802 893 quartum
829 804 946 872 librum
975 827 1013 872 ex
1036 806 1132 892 longo
1154 803 1323 871 intervallo
1355 804 1455 869 tribus
1485 806 1658 870 carminum
1688 803 1779 870 libris
1808 803 1950 870 additum

122 928 193 975 esse
214 908 291 974 dicit
312 908 533 994 comprobatur
555 909 694 994 ipsorum
718 907 858 973 codicum
881 907 1129 973 Horatianorum
1150 907 1351 992 praescriptis
1379 913 1411 971 et
1437 906 1477 971 ad
1500 925 1592 991 quem
1616 904 1694 971 data
1720 908 1786 971 siut
1813 906 1953 971 carmina

120 1017 154 1076 et
174 1017 362 1095 argumenta
382 1015 415 1074 et
436 1007 592 1075 vocabula
613 1008 768 1092 quaedam
791 1011 976 1095 graecanica
991 1008 1030 1075 ds
1045 1029 1160 1094 genere
1182 1011 1354 1076 carminum
1378 1005 1622 1073 continentibus.
1656 1007 1746 1090 Quae
1759 1008 1952 1092 praescripta

120 1117 216 1176 antea
236 1112 283 1176 its
304 1108 459 1193 neglecta,
479 1117 516 1176 ut
537 1131 576 1175 ex
597 1109 739 1195 plurimis
761 1107 885 1175 Horatii
906 1107 1099 1177 editionibus
1120 1129 1256 1196 prorsus
1270 1108 1509 1194 expellerentur,
1531 1110 1672 1174 restituit
1692 1105 1825 1174 Adolfus
1842 1106 1951 1172 111111-

119 1210 239 1298 liugius
266 1211 305 1276 de
325 1210 571 1278 Horatianorum
600 1213 772 1277 carminum
801 1211 1056 1295 inscriptionibus
1084 1209 1456 1294 commentatiuncula2).
1510 1210 1571 1290 Qui
1597 1230 1669 1275 cum
1697 1209 1770 1276 aliis
1798 1216 1865 1274 tum
1893 1205 1953 1274 hac

121 1312 349 1380 dilucidissime
376 1320 408 1378 et
429 1312 616 1398 planissima
637 1311 851 1399 disputatione
876 1310 916 1377 de
936 1312 1070 1380 Horatio
1097 1312 1179 1379 bene
1207 1315 1339 1379 meritus
1367 1310 1423 1376 illa
1450 1313 1644 1398 praescripta
1672 1333 1711 1377 ex
1739 1310 1841 1378 doctis
1868 1331 1953 1375 corn·

122 1415 287 1480 mentariis
308 1415 460 1498 proximis
482 1421 555 1499 post
575 1421 686 1499 poetae
708 1421 845 1479 aetatem
866 1414 1063 1500 temporibus
1085 1413 1236 1482 conlectis
1257 1422 1404 1499 excerpta
1425 1434 1495 1479 esse
1517 1412 1665 1479 ostendit.
1708 1413 1847 1493 Quorum
1868 1432 1953 1478 com-

121 1517 346 1581 mentariorum
376 1516 464 1599 origo
494 1515 563 1580 sire
589 1514 676 1581 Julio
703 1514 847 1581 Modesto
874 1513 1023 1598 debetur,
1053 1524 1089 1584 ut
1116 1514 1327 1600 Hiessliugius
1348 1513 1442 1601 paulo
1471 1514 1623 1582 audacius
1644 1516 1797 1601 suspicari
1819 1513 1953 1593 videtur,

122 1619 191 1682 sive
213 1616 307 1682 alicui
329 1638 368 1681 ex
384 1618 453 1682 eius
473 1616 669 1702 aequalibus,
690 1622 774 1684 certe
795 1613 907 1684 horum
924 1616 1088 1683 titulorum
1109 1617 1301 1682 testimoniis
1323 1617 1357 1681 iu
1372 1615 1558 1682 definiendis
1573 1618 1746 1682 cauninum
1761 1616 1956 1700 temporibus

120 1718 215 1784 nebia
237 1717 389 1784 utendum
411 1722 469 1782 est.
513 1717 625 1802 ltaque
647 1739 718 1785 cum
740 1717 861 1785 codices
883 1717 1048 1784 Parisinus
1071 1717 1155 1786 7900
1174 1721 1227 1785 aA
1249 1727 1281 1784 et
1302 1718 1471 1784 Bemeusis
1498 1715 1524 1780 B
1551 1717 1592 1783 ad
1620 1724 1685 1783 tres
1714 1718 1835 1803 priores
1856 1716 1954 1784 libros

122 1819 228 1886 ubivis
258 1818 420 1902 breviora,
447 1818 489 1883 ad
518 1827 666 1904 quartum
692 1817 844 1907 ampliora
870 1817 927 1885 illa
954 1821 1147 1907 praescripta
1167 1819 1363 1906 perhibeant,
1386 1818 1509 1884 codices
1532 1817 1669 1885 Parisini
1700 1818 1784 1887 7974
1812 1825 1845 1885 et
1871 1820 1953 1888 7971

123 1942 257 2007 quorum
278 1917 483 2006 archetypum
504 1919 648 1987 Kellerus
674 1919 783 1988 littera
807 1921 833 1987 F
856 1922 996 2007 signavit
1022 1920 1064 1988 ad
1092 1929 1158 1987 tres
1177 1923 1297 2008 priores
1318 1920 1416 1987 libros
1438 1918 1621 2007 ampliores,
1650 1919 1692 1988 ad
1715 1929 1862 2003 quartum
1884 1920 1954 1987 bre·

123 2025 228 2088 riores
256 2019 369 2087 titulos
400 2021 543 2104 tradant,
572 2024 691 2109 optimo
721 2023 789 2090 iure
815 2021 1071 2109 Kiesslingiuss)
1094 2024 1273 2089 coniecisse
1304 2021 1382 2089 mihi
1404 2021 1530 2087 videtur
1556 2021 1724 2106 desumpta
1748 2024 1887 2107 priorum
1916 2022 1955 2088 li-

122 2124 248 2189 brorum
274 2123 469 2209 praescripta
497 2143 568 2189 csse
600 2145 639 2190 ex
670 2123 829 2190 codicibus
859 2125 913 2209 qui
942 2131 1007 2190 tres
1036 2126 1213 2191 carminum
1237 2122 1337 2190 libros
1364 2122 1452 2190 solos
1479 2122 1767 2208 complectebantur
1795 2145 1877 2210 quae
1906 2145 1957 2190 res

124 2225 290 2311 aptissima
312 2231 361 2290 est
381 2224 424 2290 ad
446 2223 587 2292 Suetonii
609 2224 706 2291 fidem
727 2223 958 2312 angendamtl.

226 2324 304 2391 Inde
325 2332 362 2391 ut
376 2346 468 2390 omne
490 2323 619 2391 dubium
635 2333 823 2393 amoveatur
845 2333 877 2390 et
899 2346 937 2390 ea
958 2345 1040 2410 quae
1062 2324 1248 2393 aSuetouio
1271 2325 1390 2392 tradita
1410 2333 1486 2392 suut
1500 2325 1716 2413 suppleantur,
1738 2325 1957 2411 refugiendum

127 2427 238 2494 estad
260 2447 299 2493 ea
320 2434 496 2513 temporum
518 2425 635 2492 iudicia
656 2449 738 2513 quae
760 2429 792 2492 iu
823 2426 901 2512 ipsis
922 2425 1048 2492 Horatii
1070 2427 1262 2494 carminibus
1283 2429 1403 2494 meunt
1446 2428 1610 2508 Quatenus
1637 2448 1713 2494 vero
1735 2427 1861 2496 Horatii
1890 2449 1957 2495 car-

127 2530 216 2594 mina
237 2534 312 2615 apta
333 2530 398 2595 sint
419 2549 458 2594 ex
481 2527 596 2612 quibus
618 2535 760 2613 tempora
781 2526 971 2593 definiantur
993 2528 1207 2611 quaerendum
1230 2536 1289 2595 cst

227 2629 435 2720 Quamobrem
457 2630 591 2714 primum
618 2629 789 2694 ridendum
811 2630 933 2714 estqui
960 2637 1073 2713 poetae
1094 2629 1263 2697 Horatium
1291 2631 1391 2696 secuti
1419 2630 1484 2694 sint
1505 2649 1585 2714 quos
1611 2633 1679 2715 ipse
1707 2636 1835 2696 secutus
1862 2631 1906 2695 sit
1926 2637 1959 2694 et

126 2730 252 2819 qualem
268 2731 402 2824 fructum
417 2728 491 2796 inde
505 2732 662 2816 percipere
676 2732 778 2819 possit
792 2729 965 2816 disputatio
980 2739 1100 2796 nostra.
1133 2732 1221 2813 Quas
1232 2730 1273 2797 de
1287 2732 1464 2798 imitatione
1479 2730 1605 2820 Horatii
1618 2732 1762 2815 quaestio
1778 2753 1872 2816 quam
1885 2752 1958 2818 gra·

126 2836 177 2900 ris
192 2836 236 2900 sit
249 2831 459 2918 Kiesslingius
470 2832 501 2919 ⁸)
524 2833 557 2897 in
580 2840 737 2898 conventu
758 2829 990 2917 philologorum
1011 2851 1041 2899 a.
1059 2833 1141 2901 1869
1157 2831 1321 2899 Kieloniae
1336 2840 1596 2919 congregatorum
1612 2835 1760 2918 exposuit
1777 2853 1847 2899 earu
1870 2833 1911 2900 ad
1926 2833 1958 2899 id

125 2942 251 3022 tempus
266 2932 441 3018 neglectam
458 2953 530 2999 esse
547 2930 667 2999 delens.
699 2932 763 2998 Nec
782 2933 886 3000 miuus
901 2931 1061 2999 Luciacus
1080 2933 1294 3020 Muellerus⁶)
1311 2942 1408 3021 optat,
1430 2941 1468 3000 ut
1485 2935 1620 3001 exsistat
1633 2933 1803 3018 aliquando
1825 2937 1880 3018 qni
1894 2935 1958 3001 col·

126 3038 207 3124 ligat
228 3033 373 3121 exempla
384 3034 572 3101 imitationis
593 3033 789 3099 Horatianae
806 3041 961 3121 quotquot
976 3035 1173 3118 reperiuntur
1189 3035 1274 3122 apud
1294 3043 1414 3122 poetas.
1453 3035 1593 3117 Quorum
1607 3035 1763 3101 desiderio
1786 3028 1959 3102 maximam

126 3145 249 3226 partem
267 3135 421 3203 satisfecit
436 3134 592 3202 Martinus
608 3134 756 3201 Hertzius
773 3133 934 3201 Analectis
949 3133 990 3199 ad
1007 3137 1182 3202 carminum
1200 3135 1447 3204 Horatianorum
1465 3135 1668 3222 historiam⁷)
1688 3137 1751 3221 qui,
1767 3157 1959 3222 quamquam

125 3238 222 3327 „quid
243 3240 278 3304 iu
297 3235 359 3303 hac
380 3238 514 3303 materia
533 3238 719 3322 praestitum
741 3235 816 3321 quid
835 3233 1061 3323 praestandum
1090 3236 1234 3303 relictum
1255 3239 1317 3305 sit“
1346 3259 1382 3304 se
1403 3238 1613 3305 indicaturum
1641 3258 1712 3304 esse
1733 3236 1960 3323 profitetur⁸),
2059 3244 2061 3247 ’

127 3348 235 3408 11111111
257 3338 316 3404 toti
342 3336 381 3404 de
409 3340 589 3405 imitatione
610 3336 786 3403 Horatiana
807 3336 1023 3422 disquisitioni
1040 3339 1158 3422 optime
1178 3338 1347 3406 consuluit.
1381 3341 1484 3423 Atque
1500 3360 1569 3405 eam
1585 3338 1805 3420 quaestionem
1821 3338 1863 3404 ad
1879 3348 1958 3404 tcm-

127 3461 207 3527 pora
227 3440 398 3504 carminum
415 3438 594 3506 definienda
608 3438 763 3524 pertinere
777 3437 919 3505 eiusdem
940 3437 1059 3504 Hertzii
1076 3439 1219 3525 exemplo
1234 3439 1469 3508 demonstrabo.
1514 3439 1689 3524 Utrumque
1710 3440 1878 3506 satirarum
1893 3440 1961 3505 Ho-

128 3542 203 3609 ratii
219 3540 336 3607 librum
357 3560 421 3606 non
439 3542 609 3627 separatim
632 3540 718 3606 foras
732 3538 842 3606 datum
857 3576 898 3588 -
919 3559 1013 3625 quarn
1035 3537 1242 3625 plurimorum
1263 3544 1403 3608 virorum
1426 3541 1590 3606 doctorum
1612 3540 1792 3625 opinionem
1813 3540 1960 3607 Hertzius

186 3829 211 3895 ¹)
229 3827 260 3893 Q.
276 3825 411 3883 Horatius
428 3825 546 3882 Flaccus
570 3839 605 3881 11
622 3823 781 3881 1111111111
803 3827 834 3879 et
851 3836 914 3878 1111
937 3823 1011 3880 notis
1035 3828 1122 3895 atqua
1146 3825 1386 3882 emendationibus
1404 3823 1538 3882 Richardi
1556 3826 1687 3885 Bentleii.
1712 3824 1767 3881 Ed.
1786 3823 1840 3881 111.
1869 3826 1962 3883 seror,

181 4001 207 4063 ¹)
227 3909 497 4053 iddbls'eidisbd
510 3910 633 4050 Hlnxnir.
651 3991 708 4049 litt
727 3991 885 4062 Grypbisn.
903 4006 954 4064 per
970 4007 1039 4050 sem.
1056 3999 1126 4050 aest
1146 3996 1298 4051 11111876
1316 3991 1514 4048 habendarum.
1544 3993 1701 4065 Gryphiarr.
1719 3995 1794 4051 1876.

185 4086 211 4235 :i
228 4082 317 4222 l(drrildb
334 4163 494 4220 sententiae
512 4162 644 4218 accedere
656 4160 824 4217 Zamckium
840 4162 871 4218 in
883 4160 1081 4218 111111118111
1098 4161 1133 4218 ds
1151 4160 1295 4218 vocabulis
1314 4160 1488 4230 graecanicis
1506 4174 1578 4228 quae
1590 4161 1743 4218 traduntur
1760 4161 1790 4219 in
1803 4160 1962 4234 inscriptio·

231 4250 314 4307 uibus
330 4248 483 4305 carminum
502 4246 722 4303 Horatianorum
746 4246 814 4303 1880
831 4246 1014 4314 argentorati
1037 4244 1114 4303 edita
1138 4261 1173 4302 ex
1196 4245 1233 4301 iis
1250 4259 1322 4313 qnae
1345 4243 1380 4300 de
1404 4244 1458 4299 1111
1474 4243 1570 4302 libello
1592 4244 1682 4301 refert
1700 4246 1838 4303 samnius
1855 4247 1962 4303 111111·

230 4333 301 4404 berg
317 4332 536 4403 (Philologtscirs
552 4328 725 4388 Bnndschsu
742 4330 818 4386 1881.
837 4329 884 4386 111.
900 4330 936 4385 48
953 4345 979 4399 p.
998 4330 1077 4399 1840)
1097 4329 1208 4400 colligo.

187 4423 212 4488 ⁸)
230 4416 472 4486 Verbsudlnngau
490 4415 541 4472 der
555 4416 599 4472 87.
616 4413 1184 4484 71111111111111111111Ρ1111111111
1201 4412 1259 4469 und
1277 4412 1496 4469 Schulmamar
1514 4413 1590 4469 1869.
1607 4412 1702 4485 Leipa.
1720 4413 1796 4471 1870.
1813 4430 1841 4485 p.
1857 4416 1899 4473 81.

187 4508 198 4540 Ι

186 4508 213 4656 0
231 4500 526 4644 10111Ηέ1Ιί131Χέ
526 4539 613 4642 ο1111.
629 4583 686 4640 litt.
706 4580 925 4642 vratislsriensl
943 4595 994 4654 per
1011 4587 1150 4640 aestatem
1174 4584 1241 4641 1876
1257 4581 1447 4640 habendarum
1465 4581 1489 4638 1.
1514 4583 1581 4639 1878
1599 4582 1637 4638 11.
1661 4584 1729 4640 1878
1747 4582 1803 4643 111.
1827 4582 1894 4641 1880
1912 4584 1963 4641 IV.

173 4732 212 4825 Ἰ)
230 4671 354 4824 dffid,
371 4772 398 4827 p.
415 4758 442 4812 11.
