4450 5475
271 713 274 720 ⁴
384 686 531 753 Carmine
552 684 645 750 tertio
675 682 813 750 celebrat
831 682 985 750 Horatius
1007 683 1227 771 Melpomenen
1256 707 1382 754 musam
1412 709 1494 772 quae
1507 671 1622 772 'ipsum
1645 698 1826 757 nascentem
1849 689 1973 775 placido
1994 689 2114 755 lumine

281 790 414 858 viderit:
447 784 657 872 quodcunque
680 784 799 870 gloriae
825 793 859 851 et
879 782 983 853 laudis
1011 791 1167 873 pepererit
1187 808 1296 854 musae
1317 809 1352 854 se
1373 788 1487 856 debere
1508 790 1611 875 fingit,
1634 792 1703 856 eius
1729 793 1870 856 muneris
1892 811 1964 857 esse
1987 791 2071 877 quod
2094 815 2114 857 a

213 953 218 962 .
281 892 402 961 Romae
423 887 533 955 subole
554 889 637 953 inter
658 886 811 953 amabiles
831 893 942 953 vatum
965 885 1076 955 choros
1098 898 1243 975 ponatur,
1265 889 1349 976 quod
1364 898 1556 958 monstretur
1577 891 1676 976 digito
1691 894 1966 978 praetereuntium.
1999 893 2113 974 „Quod

281 995 400 1081 spiro“,
425 992 539 1077 inquit,
571 999 624 1072 „et
651 987 777 1074 placeo,
807 990 835 1054 si
863 987 987 1074 placeo,
1020 997 1109 1055 tuum
1136 995 1218 1057 est“.
1266 993 1353 1072 Quas
1379 995 1557 1058 sententias
1589 1015 1660 1059 cum
1687 1003 1781 1077 poeta
1809 1016 1879 1059 cum
1902 995 1952 1060 sui
1974 995 2112 1078 quadam

285 1097 510 1163 aestimatione
528 1100 561 1158 et
574 1112 646 1157 oum
661 1092 820 1177 gravitate
839 1091 1032 1176 pronuntiet,
1055 1113 1094 1157 ex
1111 1114 1149 1158 eo
1169 1094 1251 1160 effici
1273 1093 1418 1159 arbitrati
1438 1103 1514 1160 snnt
1532 1093 1676 1160 homiues
1697 1096 1792 1182 docti,
1816 1109 1853 1160 ut
1868 1103 1942 1180 post
1961 1118 2112 1181 magnum

282 1199 434 1265 honorem
457 1193 520 1261 sibi
541 1192 695 1259 tributum
716 1201 812 1277 poeta
832 1191 892 1278 boc
920 1203 1044 1258 carmen
1070 1195 1237 1280 pepigerit·
1276 1195 1346 1275 Qua
1374 1194 1415 1260 de
1444 1216 1542 1261 causa
1562 1195 1825 1273 Grotelendius¹t
1854 1207 1887 1262 ct
1912 1196 2110 1280 Frankius2)

281 1301 313 1366 id
338 1298 512 1365 coniectum
535 1316 606 1363 esse
628 1296 836 1375 coniecerunt
858 1315 930 1360 cum
952 1293 1084 1361 Horatio
1098 1295 1176 1362 illud
1198 1296 1382 1363 mandatum
1403 1298 1551 1363 carminis
1572 1297 1744 1363 saecularis
1766 1298 1972 1392 componendi
1993 1298 2111 1364 lactum

281 1395 471 1468 essetne.
494 1421 524 1465 a.
546 1399 611 1465 iere
633 1398 705 1478 731,
721 1394 953 1479 Kirchnerus⁸)
974 1416 1050 1462 vero
1071 1397 1114 1463 ad
1136 1419 1166 1464 a.
1188 1399 1251 1463 742
1273 1400 1392 1484 proiert
1412 1397 1472 1465 hoc
1494 1418 1618 1464 carmen
1642 1409 1674 1464 et
1691 1399 1848 1465 Obbarins
1870 1385 2012 1465 omniurn
2034 1400 2110 1465 ulti·

281 1524 368 1570 mum
397 1522 468 1569 esse
494 1507 611 1566 censet
653 1498 794 1564 Alteram
822 1503 926 1562 utram
957 1500 1147 1564 sententiam
1176 1507 1212 1565 ut
1236 1498 1366 1584 probem
1394 1501 1534 1565 animum
1556 1499 1704 1565 inducere
1735 1520 1798 1566 non
1821 1521 1958 1585 possum,
1980 1522 2055 1566 nam
2078 1504 2111 1566 in

282 1604 439 1671 eiusmodi
460 1597 658 1687 argumentis
679 1599 725 1666 nil
746 1600 822 1664 certi
843 1601 948 1664 inesse
970 1607 1068 1683 patet.
1098 1599 1182 1666 Illud
1203 1599 1304 1667 solum
1326 1623 1382 1686 pro
1397 1608 1482 1667 certo
1504 1600 1685 1666 habendum
1707 1609 1757 1667 est
1778 1602 1808 1667 si
1831 1604 1962 1687 tempori
1985 1623 2111 1668 carmen

281 1705 388 1771 deberi
409 1725 470 1790 quo
492 1711 606 1789 poetae
628 1701 700 1767 libri
722 1702 825 1786 magis
846 1701 1011 1784 magisque
1026 1703 1223 1767 innotescere
1245 1708 1279 1767 et
1298 1701 1421 1768 laudari
1443 1703 1546 1788 coepti
1561 1708 1636 1767 sunt
1656 1700 1688 1767 b.
1705 1724 1732 1767 e.
1748 1704 1974 1787 posterioribus
1995 1706 2111 1770 aetatis

282 1807 376 1873 vannis
398 1805 513 1892 quibus
535 1811 681 1891 quartum
703 1802 817 1868 librum
838 1804 992 1868 emissum
1018 1804 1051 1867 in
1074 1802 1173 1869 lucem
1203 1823 1274 1869 esse
1296 1803 1381 1888 apud
1402 1803 1587 1870 Suetonium
1607 1806 1757 1889 scriptum
1778 1805 1934 1871 videmus.
1976 1805 2111 1870 Perinde

282 1905 484 1973 Eckstciuius
507 1907 561 1991 qni
583 1905 623 1971 de
644 1903 705 1972 boo
725 1905 865 1970 carmine
887 1903 1064 1991 disputarit
1084 1905 1116 1970 in
1138 1902 1256 1974 scholis
1277 1905 1460 1972 Horatianis
1468 1908 1499 1991 ⁴)
1522 1906 1671 1989 temporis
1686 1904 1785 1972 ullum
1807 1907 1977 1992 vestigium
1999 1907 2111 1972 adesse

280 2016 387 2095 negat.

1081 2246 1161 2318 W.
1196 2247 1317 2319 ΧΠ.

382 2450 537 2531 Quartum
559 2471 683 2517 carmen
705 2453 809 2536 quarti
838 2449 911 2516 libri
942 2458 975 2516 et
996 2457 1144 2538 quartum
1166 2449 1320 2517 decimum
1349 2451 1468 2535 scripta
1496 2447 1633 2515 suntad
1655 2449 1859 2516 celebrandas
1880 2448 1974 2515 Drusi
2003 2457 2036 2516 et
2057 2450 2111 2515 'li-

269 2545 359 2618 berii
375 2553 526 2618 victorias
548 2551 694 2618 aRaetis
716 2560 750 2618 et
770 2551 942 2619 Vindelicis
957 2559 1133 2637 reportatas
1148 2573 1241 2637 quern
1260 2552 1299 2618 ad
1315 2551 1411 2618 finem
1429 2550 1595 2617 Horatium
1611 2557 1714 2616 totum
1734 2551 1848 2617 librum
1863 2573 1919 2638 per
1933 2553 2111 2636 Augustum

280 2653 476 2740 compulsum
499 2652 637 2719 edidisse
660 2651 832 2720 Suetonius
855 2653 961 2719 tradit
1005 2655 1144 2735 Quorum
1167 2651 1321 2719 bellorum
1343 2652 1478 2718 historia
1498 2672 1569 2718 cum
1591 2653 1792 2736 potissimum
1814 2652 1969 2720 Strabone
1991 2651 2110 2718 Velleio

280 2754 444 2822 Paterculo
467 2755 577 2822 Cassio
599 2755 701 2821 Dione
722 2757 904 2822 auctoribus
925 2757 1054 2838 nitatur,
1077 2774 1186 2821 eorum
1208 2777 1247 2821 ex
1268 2754 1358 2821 libris
1379 2753 1457 2821 haec
1479 2754 1616 2841 proferre
1638 2775 1701 2820 non
1724 2752 1863 2820 alienum
1883 2754 2110 2821 videturesse.

381 2872 495 2939 Strabo
517 2873 585 2958 (lv,
607 2875 641 2958 6)
663 2872 795 2950 πάντας
816 2872 845 2938 δ’
867 2873 995 2939 ἔπαοστ
1016 2911 1058 2922 -
1082 2878 1230 2957 Τιβέριος
1249 2882 1305 2938 καὶ
1327 2869 1345 2938 d
1368 2869 1517 2959 α’δελφός
1538 2868 1643 2937 αῦτοῦ
1662 2875 1808 2954 Δροῦσος
1829 2860 1931 2957 θερίᾳ
1951 2875 2043 2955 μιᾷ“.

381 2989 459 3057 Vell.
480 2989 552 3057 Pat.
576 2989 631 3075 (ll,
653 2991 908 3077 95).Rcversum
931 2991 1005 3058 inde
1026 2991 1181 3058 Neronem
1204 2992 1322 3060 Caesar
1346 2991 1431 3058 band
1453 2991 1620 3057 mediocris
1642 2989 1716 3056 belli
1738 2989 1821 3056 mole
1843 2994 1975 3077 experiri
1996 2997 2111 3059 statuit

277 3091 424 3161 adiutore
445 3095 551 3178 operis
573 3092 648 3159 dato
669 3092 766 3160 fratre
787 3096 888 3180 ipsius
912 3094 1012 3160 Druso
1035 3093 1166 3160 Claudio
1193 3131 1235 3142 -
1261 3095 1377 3180 quippe
1398 3100 1530 3180 uterque
1552 3091 1665 3157 divisis
1685 3092 1830 3179 partibus
1851 3092 1972 3159 Raetos
1994 3094 2109 3159 Vinde-

277 3193 417 3278 licosque
438 3193 643 3280 adgressi-
664 3203 775 3281 gentes
797 3232 838 3247 -·-
859 3194 1113 3281 perdomuerunt.

380 3314 469 3379 Cass.
489 3311 550 3378 Dio
573 3313 665 3398 (le,
687 3313 730 3379 22
752 3334 781 3380 a.
804 3335 835 3379 u.
857 3315 933 3393 739)
951 3309 1079 3380 Ῥαοτοὶ
1107 3315 1271 3388 οἰκοῦντες
1291 3311 1417 3394 μεταξὺ
1445 3313 1505 3377 τοῦ
1531 3335 1568 3375 τε
1598 3313 1747 3394 Νωρίκοο
1775 3319 1832 3376 καὶ
1856 3314 1913 3397 τῆς
1945 3312 2109 3388 Γαλατίας

278 3415 364 3500 πρῦς
383 3425 457 3491 ταῖς
475 3409 617 3493 Ἄλπεσι,
642 3426 716 3490 ταῖς
735 3412 819 3498 πρὸς
839 3417 877 3502 τῇ
897 3412 1020 3497 Ἰταλία
1046 3428 1121 3489 ταῖς
1150 3415 1386 3501 Τριδτντίναις,
1408 3418 1464 3498 τῆς
1490 3436 1527 3477 τε
1549 3413 1715 3486 Γαλατίας
1742 3415 1799 3498 τῆς
1824 3410 1985 3497 προςῦροο
2013 3416 2109 3499 σφίσι

279 3513 387 3583 πολλοὶ
409 3520 605 3600 κατέτρεχον
632 3523 690 3580 καὶ
710 3516 744 3581 ἐκ
765 3520 822 3601 τῆς
840 3512 980 3590 Ἰταλίας
1001 3511 1157 3602 ἅρπαγας
1185 3517 1365 3581 ἐποιοῦντο
1393 3552 1435 3563 -
1463 3516 1506 3579 δι’
1534 3509 1596 3579 οὖν
1622 3514 1729 3583 ταῦτα
1756 3507 1775 3577 ri
1804 3510 1994 3596 Αὔγουστος
2014 3518 2107 3599 προῦ-

274 3640 337 3684 τον
357 3621 421 3701 μὲν
441 3614 503 3684 τὸν
522 3620 673 3704 Δροῦσον
693 3617 747 3683 ἐπ’
770 3613 892 3690 advorte
912 3616 1069 3699 ἔπεμψεν
1090 3625 1147 3680 καὶ
1168 3619 1205 3691 ὃς
1224 3614 1300 3691 τοῦς
1321 3613 1651 3700 προαπαντήσαντοὲς
1671 3612 1704 3678 οἱ
1725 3610 1837 3678 αὐτῶν
1857 3621 1935 3697 περὶ
1956 3612 1998 3677 cri
2026 3619 2107 3698 Τρι-

272 3721 408 3786 ῦεντῐνα
428 3717 488 3806 ὄρη
510 3715 567 3783 drol
589 3721 719 3801 ταχέαν
739 3717 905 3803 ἐτρέψατο
926 3755 979 3783 -.
1008 3717 1127 3785 ἔπειτα
1150 3718 1187 3782 di
1209 3715 1325 3803 ἐπειδή
1354 3720 1410 3805 τῆς
1438 3720 1500 3799 μὲν
1519 3712 1659 3790 Ἰταλίας
1685 3711 1976 3801 α’πεκροῦσθησαν,
2004 3718 2043 3805 τῇ
2071 3713 2108 3779 δὲ

275 3821 316 3907 δὴ
335 3822 488 3902 Γαλατία
509 3827 565 3885 καὶ
589 3820 635 3895 oie
654 3819 826 3894 ἐνέκειντο,
845 3814 906 3882 τὸν
928 3820 1081 3904 Τιβέριον
1099 3819 1390 3900 προςαπέστειλεν,
1410 3815 1600 3902 ἐςβαλόντες
1621 3809 1681 3883 οῦν
1707 3814 1742 3891 ἐς
1765 3814 1827 3901 τὴν
1845 3814 1958 3901 χώραν
1980 3816 2105 3881 πολλα·

276 3922 380 4006 κόθεν
402 3923 474 4004 ἅμα
496 3918 684 4009 α’μφῦτεροτ
704 3956 746 3970 -
764 3920 975 4004 κατέπληξαν
996 3914 1162 4003 αῦτοῦςῡ).

265 4042 268 4051 ’
379 4040 496 4107 Eorum
524 4042 579 4124 qui
607 4039 646 4105 de
674 4038 784 4104 horum
808 4040 979 4105 carminum
1001 4038 1196 4123 temporibus
1224 4036 1465 4123 disputauerunt
1492 4039 1656 4121 opiniones
1684 4036 1717 4100 in
1744 4034 1824 4100 duas
1850 4042 1957 4119 partes
1978 4037 2105 4118 abeunt,

264 4146 353 4211 ‘nam
373 4140 741 4209 Bentleiusliirchnerus
754 4140 914 4206 Frankius
932 4147 1080 4225 quartum
1102 4147 1137 4206 et
1158 4148 1304 4226 quartum
1327 4139 1483 4207 decimum
1505 4158 1630 4204 carmen
1652 4136 1692 4201 ad
1715 4135 1857 4201 diversas
1880 4156 1929 4202 res
1944 4138 2108 4204 referenda

277 4266 348 4312 esse
369 4245 520 4326 indicant,
543 4242 655 4310 lanius
677 4250 710 4309 et
730 4241 925 4310 Fuerstenau
946 4241 987 4307 ad
1009 4241 1152 4308 eaodem.
1597 4254 1601 4261 ’

333 4500 358 4565 ¹)
376 4497 473 4552 Horat.
491 4512 518 4566 p.
534 4496 621 4553 «libb.

331 4587 356 4647 ¹)
375 4581 405 4637 F.
422 4581 457 4636 n
475 4598 501 4651 p.
518 4583 577 4638 218.

334 4670 359 4733 ⁸)
377 4666 446 4721 Ταῦ.
464 4665 557 4721 chron.
576 4667 634 4721 742.

331 4754 355 4817 ⁴)
373 4750 537 4819 Progrsrsm
556 4749 605 4806 der
620 4750 839 4808 'lhomsmobule
857 4751 887 4808 in
905 4753 1023 4825 Leipzig
1040 4754 1161 4814 1868169.
1179 4770 1205 4824 p.
1222 4754 1257 4810 33
1274 4768 1333 4821 sqq.

331 4838 357 4904 ⁸)
374 4834 425 4891 eir.
443 4834 514 4892 Veli.
532 4835 594 4891 Paa
612 4834 651 4901 11,
668 4837 711 4895 89.
729 4836 787 4892 1112.
815 4835 929 4894 Sueton.
947 4837 1045 4896 claun.
1064 4843 1086 4896 l.
1114 4840 1214 4895 Oetes.
1230 4841 1272 4894 21.
1299 4838 1359 4894 Lis.
1379 4835 1446 4907 opit.
1467 4836 1525 4891 136.
1623 4904 1627 4909 ι
