4450 5475
1188 284 1216 359 3

1105 379 1304 399 b-

286 503 458 588 Horatius‚
484 505 554 591 quia
586 503 711 589 estqui
739 501 883 570 dubitati
916 500 1025 587 Neque
1051 522 1128 568 varo
1157 504 1325 590 quicquam
1345 499 1494 587 impedit,
1522 503 1690 588 quominus
1711 499 1843 589 singula
1862 508 2010 587 poemata
2030 508 2122 570 aute·

288 627 384 693 quam
406 608 440 673 in
461 605 559 672 libros
581 604 803 692 colligerentur
823 605 996 690 separatim
1017 605 1050 670 iu
1073 603 1191 691 vulgus
1213 603 1300 670 edita
1320 623 1393 670 esse
1413 609 1602 671 statuamus.
1638 602 1730 687 Quod
1750 625 1814 672 nou
1836 605 1993 671 refutatur
2014 607 2122 670 causis

287 728 370 794 quas
389 705 553 774 Bentleius
574 706 687 774 adfert
709 706 811 774 Immo
831 725 909 772 raro
930 704 1123 772 Kirchncrus
1144 708 1198 793 qui
1219 706 1359 773 maxime
1379 704 1517 771 Bentleii
1538 708 1717 773 sententiae
1737 705 1926 774 adversatus
1947 714 1997 772 eat
2011 708 2122 773 certis·

287 810 379 877 simis
400 809 493 877 dccet
512 810 709 896 argumentis
730 827 769 874 ea
789 809 930 875 carmina
944 829 1026 894 quae
1047 817 1167 875 certum
1183 806 1342 893 quoddam
1357 808 1524 874 consilium
1541 810 1611 874 sive
1632 815 1757 895 tempus
1776 817 1928 895 spectent
1949 814 2121 894 antequam

287 913 322 978 iu
343 910 442 977 libros
463 910 592 1004 redacta
612 912 687 993 siut
708 909 825 996 publici
848 911 927 976 iuris
949 907 1036 976 iacta
1055 931 1138 976 esse.
1169 908 1252 992 Quid
1273 907 1357 995 quod
1378 908 1462 976 idem
1477 908 1669 976 Kirchncrua
1691 910 1835 997 singulos
1849 905 1961 976 ιιιιιι
1980 928 2121 996 quorun·

289 1012 363 1078 daur
385 1013 558 1080 carminum
580 1012 621 1078 sd
643 1011 710 1079 alia
730 1010 872 1077 eiusdem
892 1009 964 1077 libri
986 1013 1128 1077 carmina
1148 1019 1291 1099 spectare
1311 1010 1433 1078 docuit!
1455 1010 1583 1097 Optimo
1604 1013 1703 1098 igitur
1724 1014 1792 1078 iure
1813 1009 2006 1080 Kirchuerua
2028 1007 2120 1076 dubi·

287 1116 351 1183 tari
371 1135 436 1181 nnn
458 1134 553 1199 posse
573 1113 755 1194 arbitratur,
778 1112 855 1200 quin
875 1111 1031 1198 plurimae
1052 1112 1181 1199 eclogae
1202 1113 1311 1179 atatim
1333 1113 1374 1180 ab
1398 1114 1519 1199 origine
1539 1133 1600 1179 sua
1619 1112 1766 1200 singulae
1786 1114 1905 1180 luerint
1925 1113 2111 1200 emissae1).

390 1214 521 1283 Haicris
541 1216 639 1282 etiam
662 1215 815 1281 momenti
836 1221 933 1299 atque
954 1214 1101 1300 ponderis
1124 1214 1166 1280 ad
1187 1222 1330 1301 tempora
1350 1212 1423 1280 libri
1444 1215 1550 1300 quarti
1571 1215 1745 1281 carminum
1766 1223 1852 1282 recte
1873 1209 2053 1282 definienda
2074 1205 2122 1279 alss

289 1324 359 1385 tera
391 1315 448 1384 illa
468 1325 519 1384 eat
547 1317 692 1436 quaestio
730 1323 837 1382 utrum
859 1314 1011 1381 Horatiae
1038 1318 1180 1383 carmina
1208 1314 1341 1383 collecta
1365 1317 1398 1382 iu
1423 1315 1541 1383 librum
1568 1315 1715 1403 redigam
1743 1317 1852 1385 omnia
1879 1311 2021 1384 carmina
2043 1335 2125 1403 quae

290 1419 416 1538 quidem
438 1419 559 1484 servari
580 1416 709 1485 vellet
700 1439 731 1484 ιι
762 1438 834 1483 eunr
865 1437 959 1534 quem
987 1415 1115 1504 collegit
1137 1416 1255 1484 libram
1283 1418 1434 1503 receperit
1459 1436 1569 1484 necne
1612 1416 1682 1485 Hoc
1708 1419 1737 1484 si
1764 1417 1975 1536 demonstrari
1996 1415 2123 1535 poterit,

289 1630 374 1690 ιιιι.
416 1619 574 1707 Quidquid
602 1620 689 1707 prius
717 1621 867 1706 scripturn
896 1627 963 1703 est,
995 1622 1086 1688 aut
1076 1642 1110 1687 ru
1141 1619 1256 1686 horum
1281 1618 1433 1685 librorum
1454 1640 1583 1707 corpore
1611 1624 1717 1687 inesse
1742 1629 1801 1688 ιιι
1821 1641 1950 1707 prorsus
1972 1622 2123 1687 reiectum

289 1744 361 1791 esse
381 1743 512 1789 necesse
532 1728 592 1789 eat.
635 1721 834 1807 Quamquam
856 1741 919 1788 nun
941 1669 1069 1788 defuere
1090 1722 1145 1809 qui
1167 1709 1346 1803 Horatium,
1368 1740 1439 1788 cum
1466 1720 1540 1790 aliis
1561 1722 1757 1808 temporibus
1778 1722 1870 1790 aliter
1890 1725 2031 1804 sentiret,
2054 1742 2123 1787 car·

289 1827 377 1892 mina
398 1831 495 1892 antea
515 1830 622 1910 spreta
649 1825 811 1910 sequentis
832 1822 904 1888 libri
925 1825 1086 1909 poematia
1102 1824 1287 1906 adiunxisse
1308 1822 1513 1907 crederent,
1501 1830 1608 1890 tamen
1629 1823 1723 1891 uobis
1743 1824 1869 1910 quidem
1891 1827 1972 1892 satis
1991 1844 2123 1910 persua·

289 1929 334 1994 ait
356 1924 567 2018 Teuffeliusll
590 1922 703 1991 horum
724 1926 915 1991 sententiam
937 1946 958 1991 a
977 1945 1055 1991 reru
1069 1919 1164 2012 louge
1185 1896 1363 1991 abhbrrere.
1396 1924 1449 1990 m
1469 1924 1553 1991 idem
1575 1925 1659 2011 quod
1682 1925 1833 1994 Teuffelic
1856 1948 1895 1994 ex
1917 1927 1987 2011 ipsa
2008 1932 2124 1994 natura

289 2029 465 2094 carminum
491 2009 684 2112 Hiessliugic
698 2027 730 2114 ⁸)
758 2025 885 2092 ridetur
910 2024 1017 2112 colligi
1044 2047 1139 2113 posse
1166 2048 1205 2092 ex
1226 2046 1360 2108 numeru
1386 2021 1429 2102 38
1451 2019 1629 2104 carminum
1657 2049 1740 2114 quae
1767 2030 1887 2114 primus
1908 2025 1988 2092 liber
2009 2024 2124 2104 habet;

289 2132 344 2216 qui
365 2147 517 2195 numerus
538 2126 651 2216 quod
644 2126 724 2194 adeo
745 2147 808 2193 uon
832 2128 975 2213 congruit
1002 2148 1073 2193 cum
1098 2127 1139 2196 10
1160 2123 1367 2195 sermonibus
1383 2128 1501 2234 priqris
1524 2125 1598 2230 libri
1621 2130 1662 2202 10
1682 2129 1827 2217 epistolis
1854 2129 1967 2216 prioris
1987 2128 2059 2195 libri
2080 2127 2124 2196 20

289 2229 482 2297 carminibus
504 2227 633 2294 secundi
654 2228 697 2295 38
718 2230 805 2295 tertii
824 2227 960 2294 libri-
918 2249 1063 2315 -quos
1084 2249 1233 2295 numeros
1231 2221 1434 2297 voluntati
1430 2249 1497 2298 ncn
1518 2213 1607 2304 casm
1597 2228 1842 2328 attribuendus
1864 2252 1935 2298 esse
1957 2228 2061 2297 elucet
2081 2265 2123 2278 -

283 2330 365 2417 quid
386 2349 502 2398 ιιιιιι
523 2350 594 2396 esse
615 2330 733 2416 puteat,
752 2330 814 2397 uisi
836 2330 918 2417 quod
940 2330 1122 2399 Horatius
1112 2352 1147 2397 ιι
1168 2325 1321 2424 corpore
1318 2319 1432 2426 trium
1423 2325 1574 2435 priorum
1594 2297 1747 2430 librorum
1769 2331 1869 2399 ullum
1891 2352 2017 2401 carmen
2038 2329 2123 2417 quod

288 2432 331 2500 ad
352 2431 385 2499 id
406 2438 533 2516 tempus
553 2431 672 2498 iecerat
693 2433 799 2498 omitti
819 2432 942 2500 uoluit?

390 2532 453 2601 Sed
483 2554 522 2598 ex
550 2534 591 2598 iia
618 2553 700 2619 quae
728 2531 831 2601 adhuc
858 2532 1066 2600 disseruimus
1091 2517 1178 2599 haud
1205 2532 1253 2600 ita
1279 2501 1477 2601 multarum
1481 2498 1675 2634 carminum
1671 2483 1827 2632 tempora
1854 2533 1985 2602 definire
2012 2553 2124 2620 posse·

288 2654 376 2719 mus,
403 2635 467 2701 nisi
493 2632 555 2701 huc
582 2633 744 2701 accederet
765 2633 888 2722 quod
873 2656 913 2702 ru
934 2633 1060 2701 Horatii
1082 2632 1275 2701 carminibus
1295 2642 1328 2701 at
1350 2655 1454 2702 rerum
1476 2615 1664 2728 saepissime
1685 2640 1804 2733 mentio
1825 2638 1863 2704 fit
1883 2636 1947 2703 illia
1974 2637 2122 2721 tempori·

288 2739 350 2805 bus
370 2735 457 2823 apud
477 2734 640 2804 Romanos
661 2734 804 2824 aliasque
825 2745 938 2823 gentes
959 2745 1121 2824 gestarum
1143 2739 1206 2804 et
1196 2737 1297 2823 rpsiua
1318 2744 1432 2823 poetae
1459 2758 1510 2813 res
1539 2744 1635 2825 atque
1651 2729 1732 2811 vita
1748 2760 1815 2827 pon
1845 2761 1917 2807 raro
1940 2747 2076 2825 tangunt
2076 2761 2123 2806 ur.

289 2840 360 2922 Qua
381 2860 415 2906 re
435 2837 530 2905 valde
557 2837 782 2905 adiuvamur
773 2861 806 2905 ru
833 2837 1044 2958 persolvenda
1077 2840 1268 2924 quaestione
1291 2860 1388 2925 quam
1413 2838 1513 2907 ncbis
1536 2838 1770 2926 proposuimus
1805 2841 1925 2927 ltaque
1955 2838 2125 2927 diligenter

286 2940 531 3028 perquirendum
553 2941 614 3006 erit
634 2960 716 3026 quae
736 2961 860 3027 quoque
887 2942 921 3006 in
948 2942 1087 3007 carmine
1112 2962 1164 3007 res
1191 2947 1477 3008 commemorentur
1504 2948 1538 3007 ct
1558 2928 1833 3028 investigandum
1840 2942 1919 3028 quid
1942 2941 1982 3008 de
2004 2941 2123 3009 eisdem

289 3042 385 3109 rebus
405 3040 534 3108 ιιιιιιιι
562 3061 667 3107 rerum
688 3043 859 3128 scriptores
885 3040 1003 3128 aliique
1026 3040 1142 3145 quibus
1168 3040 1305 3108 historia
1331 3042 1452 3110 nititur.
1497 3041 1679 3109 Cavendum
1705 3064 1795 3128 vera,
1824 3064 1869 3137 ne
1889 3042 1962 3130 plus
1991 3041 2124 3128 colligas

289 3163 384 3229 quam
407 3142 555 3229 colligare
574 3141 658 3210 licet.
701 3141 749 3209 lix
771 3164 810 3211 eo
831 3143 916 3230 quod
945 3142 1054 3230 aliqua
1080 3164 1132 3210 res
1158 3144 1193 3208 iu
1214 3149 1300 3209 certo
1327 3145 1466 3209 carmine
1491 3152 1773 3228 commemoratur,
1800 3126 1909 3231 utique
1937 3142 1998 3211 hoc
2024 3165 2122 3210 uuum

290 3243 397 3330 colligi
418 3250 525 3330 potest
545 3240 606 3309 hoc
626 3263 752 3310 carmen
773 3243 956 3333 postillam
977 3266 1043 3312 rem
1065 3252 1232 3311 exaratum
1254 3264 1340 3311 esse:
1362 3252 1482 3331 quanto
1502 3252 1577 3333 post
1589 3246 1766 3314 conlectum
1782 3247 1827 3312 sit
1847 3266 1924 3313 num
1945 3247 2042 3313 etiam
2064 3245 2124 3312 hoc

290 3344 432 3413 concludi
456 3347 560 3431 possit
581 3346 827 3432 quaeritaret
818 3367 852 3412 ιι
874 3367 1064 3433 unoquoquo
1083 3347 1224 3413 carmine
1244 3346 1446 3412 severissime
1467 3346 1681 3465 quaerendum
1703 3356 1761 3414 est
1794 3351 1898 3434 Atque
1918 3345 2123 3433 quemadmo-

290 3446 366 3513 dum
387 3454 502 3533 pcttae
523 3447 612 3513 ritae
633 3445 801 3534 descriptio
822 3449 886 3514 et
876 3468 982 3566 unago
1004 3447 1198 3514 carminibus
1218 3447 1404 3530 illustratur,
1434 3448 1482 3513 sic
1502 3449 1677 3514 carminum
1699 3456 1859 3547 tempora
1863 3450 1910 3514 eis
1932 3447 2026 3516 rebus
2040 3469 2129 3534 quae

290 3547 331 3622 da
350 3550 421 3615 rita
442 3550 556 3634 pactae
578 3546 715 3614 traditae
736 3556 812 3615 sunt
831 3550 952 3667 passim
974 3550 1126 3616 constitui
1146 3556 1180 3616 et
1200 3544 1362 3614 emendari
1381 3555 1526 3633 possunt.

391 3647 480 3716 adue
501 3648 587 3735 quod
608 3650 706 3715 etiam
727 3649 829 3715 torma
850 3650 1025 3716 carminum
1038 3650 1288 3717 Horatisncrum
1309 3648 1351 3714 ad
1372 3671 1480 3717 aarum
1502 3657 1646 3736 tempora
1667 3648 1846 3718 delinienda
1864 3636 2011 3738 pertinet.
2044 3652 2124 3718 llam

290 3770 342 3817 res
362 3751 434 3836 ipss
454 3748 547 3815 dccet
568 3751 695 3816 etiam
686 3770 719 3815 ru
741 3748 903 3817 Horatio
894 3752 1013 3838 rugenii
1041 3758 1075 3817 ct
1100 3752 1179 3818 artis
1201 3753 1395 3819 incrementa
1415 3751 1586 3818 statuenda
1614 3772 1686 3817 esse
1713 3752 1830 3837 quibus
1856 3754 1889 3818 iu
1918 3742 2012 3820 rebus
2032 3774 2124 3820 exur-

288 3851 406 3919 aaudis
426 3859 460 3918 et
480 3848 661 3936 digerendis
681 3852 715 3917 iu
736 3872 851 3938 genere
872 3850 997 3918 dicendi
1019 3852 1218 3921 emendando
1243 3853 1380 3940 denique
1408 3856 1441 3920 in
1468 3855 1579 3920 metris
1607 3851 1842 3919 conformandis
1869 3861 1904 3919 et
1928 3853 2124 3942 expoliendis

290 3953 457 4040 profecerit
476 3958 511 4018 et
532 3953 624 4036 quast
644 3951 796 4038 gradibus
818 3953 860 4019 ad
881 3974 1039 4021 summum
1056 3954 1257 4040 perfectiouis
1276 3974 1428 4021 ιιιιιιιιιι
1447 3955 1645 4041 processerit
1681 3958 1723 4021 st
1743 3953 1804 4021 hac
1824 3957 1857 4021 in
1873 3974 1913 4020 re
1933 3976 2027 4022 omne
2049 3978 2124 4022 cau·

291 4057 389 4121 tionis
409 4070 511 4140 genus
533 4050 687 4119 adhibeas
709 4053 793 4140 apud
814 4053 984 4121 Horatium
1005 4055 1144 4122 maxima
1164 4075 1294 4122 necesse
1314 4064 1374 4122 est.
1419 4055 1501 4122 Nam
1522 4054 1625 4122 multa
1645 4056 1796 4137 carmina,
1817 4062 1855 4121 ut
1875 4077 1973 4141 supra
1993 4056 2125 4123 demon·

291 4156 474 4234 suavimus,
503 4155 536 4220 in
558 4153 710 4222 librorum
732 4176 861 4223 suorum
883 4176 1014 4241 corpora
1033 4176 1098 4222 non
1119 4159 1238 4242 recepit
1257 4165 1353 4244 atquc
1373 4157 1519 4243 inprimis
1540 4176 1581 4222 ea
1600 4176 1682 4241 quae
1709 4155 1750 4223 ab
1780 4156 2020 4224 adulescentulo
2049 4178 2124 4230 eone

290 4257 376 4323 fecta
395 4254 513 4321 iudicio
533 4266 647 4340 poetae
675 4255 793 4324 exculti
819 4277 884 4322 nou
908 4256 1141 4325 satisfacerent.
1192 4258 1229 4324 ln
1259 4259 1300 4325 iis
1326 4278 1403 4324 vero
1425 4277 1507 4344 quae
1535 4264 1706 4344 supersunt
1733 4258 1924 4325 carminibua
1946 4258 2124 4326 indicandis

290 4377 386 4443 quam
408 4354 536 4423 diversa
557 4360 729 4425 statuerint
748 4356 917 4425 clarissimi
945 4359 1132 4446 interpretes
1158 4381 1251 4427 nemo
1284 4361 1420 4446 ignorat
1462 4358 1509 4426 Ne
1536 4380 1575 4427 ex
1603 4366 1773 4425 metrorum
1796 4360 1923 4445 quidem
1954 4379 2070 4446 genere
2092 4371 2125 4428 et

291 4510 490 4524 m

348 4614 373 4679 ¹)
390 4609 502 4708 Quaest
520 4607 586 4666 lior.
603 4610 619 4674 t
639 4611 759 4668 12-14.
783 4623 848 4682 pag,
872 4611 889 4668 6
911 4626 970 4682 sqq
1010 4612 1069 4669 cfr.
1087 4626 1160 4681 quae
1183 4610 1388 4672 aununtiantis
1411 4624 1473 4667 cunr
1496 4610 1652 4670 llircbucro
1675 4609 1811 4669 disseruit
1831 4609 1980 4681 tunsum,
2003 4611 2069 4671 tsst
2088 4613 2123 4673 H.

347 4780 373 4848 ²)
394 4695 572 4847 1111131).ἳῖ
589 4792 616 4848 p.
635 4779 700 4836 1111
718 4785 749 4836 ιι
766 4796 826 4850 sqq.

349 4866 374 4931 ⁸)
391 4861 447 4920 Zur
464 4863 529 4922 chr.
545 4877 573 4921 u.
590 4865 624 4921 Δ.
642 4862 668 4920 d.
686 4863 718 4921 0.
734 4879 763 4935 p.
781 4866 815 4923 73
832 4880 873 4935 sq.
