4450 5475
1037 279 1089 349 17

145 497 358 563 coniecturam
380 515 443 560 non
466 496 639 580 recepitl),
661 494 745 578 quod
774 515 814 560 ne
845 513 884 561 ea
906 495 1033 580 quidem
1055 501 1180 579 recepta
1202 513 1283 578 quae
1306 493 1401 560 fuerit
1423 514 1473 561 res
1494 494 1665 561 dilucidum
1689 514 1759 561 esse
1779 502 1881 580 putat.
1924 495 1980 560 At-

148 620 209 685 que
231 619 295 683 qua
323 596 364 662 de
394 617 491 663 causa
520 596 603 683 quod
628 595 813 662 Schuetzius
835 596 990 662 defendit:
1024 596 1158 678 „Videre
1180 595 1271 660 Raeti
1301 594 1384 661 bella
1416 597 1474 662 sub
1501 597 1634 683 Alpibus
1655 598 1793 663 Drusum
1809 604 1981 683 'gerentem

145 708 178 765 et
198 698 371 765 Vindelici“
393 701 497 783 quarti
519 697 590 762 libri
608 706 778 764 metrorum
799 700 872 763 usui
895 706 1058 783 repugnet,
1080 704 1157 761 tune
1177 697 1389 779 ostendemus,
1411 720 1480 763 cum
1504 698 1543 763 de
1565 702 1672 764 metris
1694 698 1878 765 Horatianis
1899 719 1981 783 quac

145 801 184 867 ad
206 805 428 887 argumentum
450 807 592 865 nostrum
613 801 772 883 pertinent
796 799 1000 883 proferemus.
1033 797 1123 878 Quod
1156 818 1232 863 vero
1260 797 1445 864 Schuetzius
1469 799 1604 865 Drusum
1634 820 1673 864 ex
1691 799 1786 865 ltalia
1807 798 1979 865 secundum

145 901 288 968 Athesim
309 901 350 966 ad
372 901 468 987 Alpes
487 900 606 965 Baetes
628 900 847 986 procedentem
869 922 931 965 non
951 904 985 966 in
1007 898 1186 965 Vindelicos
1209 899 1323 977 solum,
1346 900 1513 965 sedetiam
1536 902 1569 966 in
1591 901 1710 966 Raetos
1728 921 1830 985 neque
1851 903 1885 965 in
1903 900 1980 965 Vin·

145 1003 263 1070 delicus
284 1005 347 1068 nisi
368 1002 541 1067 Raetorum
562 1003 666 1066 socios
687 1004 844 1067 incurrere
864 1003 1006 1086 potuisse
1028 1000 1207 1082 arbitratur,
1236 998 1552 1066 animadvertendum
1574 1009 1625 1068 est
1645 1002 1704 1067 hoc
1725 1022 1787 1067 non
1811 1004 1917 1066 inesse
1944 1002 1977 1066 in

144 1104 269 1169 Horatii
290 1102 397 1170 verbis
419 1102 506 1169 solos
526 1102 704 1169 Vindelicos
726 1103 863 1169 Drusum
891 1102 1007 1169 bellum
1037 1109 1198 1188 gerentem
1226 1101 1357 1166 vidisse.
1415 1102 1543 1167 Praeter
1569 1111 1689 1169 ceteros
1717 1103 1840 1169 hostem
1868 1102 1979 1167 vident

144 1208 289 1290 quicum
312 1202 544 1270 hostebellum
567 1210 690 1288 gerunt.
734 1204 909 1285 Quominus
931 1225 1007 1271 vero
1031 1222 1217 1269 censeamus
1240 1208 1385 1268 catervas
1411 1203 1565 1288 quasdam
1594 1205 1826 1270 vindelicorum
1853 1206 1979 1269 Genau-

144 1327 204 1371 nos
230 1307 372 1371 Breunos
401 1304 482 1369 alios
509 1324 608 1390 pagos
636 1307 814 1371 incursione
840 1308 873 1370 in
902 1305 1029 1371 ltaliam
1057 1303 1144 1369 facta
1164 1303 1336 1368 secundum
1358 1304 1500 1369 Athesim
1522 1304 1638 1371 flumen
1661 1305 1788 1372 domum
1812 1305 1979 1369 redeuntes

145 1408 205 1473 snb
227 1407 359 1493 Alpibus
376 1406 569 1472 Tridentinis
591 1426 672 1490 quae
689 1408 758 1472 sine
777 1406 873 1474 dubio
894 1409 1074 1472 innumero
1097 1405 1221 1491 Alpium
1237 1404 1409 1469 Raetarnnr
1427 1404 1592 1472 habendae
1613 1416 1689 1472 sunt
1710 1428 1731 1472 a
1752 1407 1854 1473 Drnso
1877 1410 1979 1472 victas

147 1530 217 1575 esso
240 1531 260 1575 a
281 1509 392 1574 Raetis
414 1529 476 1573 non
499 1507 635 1587 adiutas,
657 1507 730 1593 quid
754 1509 907 1593 impedit?
1968 1537 1971 1541 ·

247 1609 458 1691 Quamobrem
479 1611 511 1674 iu
534 1608 641 1674 verbis
663 1609 894 1675 constituendis
915 1607 1090 1675 Bentleium
1113 1610 1214 1673 secuti
1235 1628 1304 1672 cum
1325 1608 1497 1676 Kirchuero
1519 1630 1644 1674 carmen
1666 1610 1718 1675 17.
1740 1630 1761 1674 a
1782 1610 1845 1676 739
1871 1610 1978 1674 statim

145 1719 218 1796 post
251 1713 396 1776 nuntium
428 1711 466 1775 de
488 1710 582 1775 Drusi
615 1710 749 1776 victoria
781 1710 914 1777 allatum
946 1710 1122 1776 conlectum
1153 1728 1224 1774 esse
1254 1730 1312 1794 pro
1345 1710 1506 1796 explorato
1539 1710 1704 1777 habemus.
1752 1710 1863 1777 Eidem
1894 1731 1977 1776 suno

146 1811 332 1879 Schuetzius
355 1811 501 1877 attribuit
521 1831 659 1877 carmen.
1876 1905 1878 1909 Ι

249 1914 375 1998 Vergilii
398 1934 428 1978 a
450 1934 480 1978 u.
504 1913 567 1978 735
588 1913 703 1977 mortui
725 1913 905 1994 imitatio²)
928 1912 968 1978 ad
990 1910 1085 1977 huius
1106 1913 1255 1976 canniuis
1277 1920 1401 1996 tempus
1423 1912 1636 1980 definiendum
1657 1912 1738 1978 nihil
1760 1915 1905 1998 pertinet.

246 2014 324 2081 (lum
347 2015 505 2099 plerisque
527 2033 652 2080 carmen
673 2013 757 2079 XIV.
786 2034 815 2078 a
838 2014 898 2079 741
921 2023 995 2098 post
1022 2012 1157 2078 reditum
1180 2014 1315 2094 Augusti
1344 2035 1438 2098 quem
1468 2022 1666 2094 praesentem
1688 2036 1717 2081 a.
1739 2023 1834 2102 poeta
1855 2014 1978 2080 laudari

146 2137 217 2182 cum
239 2115 322 2182 aliae
343 2135 393 2182 res
415 2123 482 2180 tum
503 2136 535 2180 v.
556 2115 599 2180 43
621 2113 803 2200 significant
824 2121 988 2182 exaratum
1011 2135 1082 2180 esse
1102 2122 1263 2200 putamus.

1021 2400 1099 2470 1Ἰ.

246 2572 337 2638 Anno
360 2573 420 2639 737
436 2572 588 2638 Horatius
610 2572 651 2639 ab
672 2576 816 2657 Augusto
839 2574 947 2637 iussus
968 2590 1093 2634 carmen
1116 2570 1275 2635 saeculare
1297 2573 1424 2656 scripsit
1444 2574 1534 2637 cuius
1555 2576 1735 2658 προοίμιον
1757 2592 1882 2638 carmen
1905 2593 1978 2637 sex-

144 2681 211 2740 turn
233 2695 295 2759 quo
317 2681 391 2740 ante
411 2671 506 2739 ludos
527 2671 668 2759 agendos
689 2672 730 2740 ab
752 2672 897 2759 Apolline
917 2673 1006 2758 petit,
1030 2686 1066 2735 ut
1080 2691 1206 2736 carmen
1229 2692 1323 2737 suum
1338 2680 1473 2755 tucatur,
1496 2682 1530 2740 et
1550 2676 1690 2761 virgines
1704 2694 1883 2761 puerosque
1904 2672 1977 2741 hor·

143 2784 239 2856 tatur,
262 2784 298 2840 ιιι
312 2796 437 2841 carmen
452 2772 613 2841 saeculare
627 2777 687 2840 rite
700 2784 826 2857 canant,
849 2782 932 2841 reete
946 2775 1129 2838 nominatur
1143 2780 1177 2837 et
1192 2771 1251 2839 hae
1271 2773 1311 2838 de
1333 2795 1432 2839 causa
1447 2777 1507 2861 ipsi
1524 2775 1569 2841 illi
1584 2797 1668 2841 anno
1690 2776 1751 2842 737
1772 2776 1979 2860 addicitur·¹).

144 2875 264 2942 Poetae
285 2874 462 2961 Apollinem
492 2874 685 2962 alloquentis
706 2896 737 2942 ι.
760 2877 888 2942 71-74
915 2876 1021 2940 auimo
1051 2873 1237 2940 obversatus
1260 2896 1331 2941 esse
1352 2876 1445 2963 Terg.
1467 2880 1544 2944 Aen.
1566 2878 1592 2943 1.
1614 2899 1645 2942 v.
1667 2877 1816 2944 758-60
1838 2881 1978 2962 suspica·

145 2986 196 3042 tur
218 2976 415 3043 Duentzerus
425 2978 467 3063 ⁴).

1010 3197 1114 3269 vn.

247 3366 379 3433 Carmen
401 3369 571 3452 septimum
594 3368 746 3451 temporis
768 3366 893 3432 indiciis
915 3365 1008 3452 plane
1030 3387 1136 3431 carere
1156 3365 1316 3433 Frankius
1337 3367 1470 3434 adnotat
1491 3376 1523 3432 et
1537 3365 1699 3431 Kirchneri
1715 3365 1885 3432 Weicherti
1901 3368 1978 3433 Gro-

144 3467 274 3534 tefendii
303 3466 342 3533 ad
372 3489 490 3533 annum
520 3469 581 3534 738
610 3476 666 3533 aut
692 3475 862 3551 sequentes
890 3488 1014 3532 carmen
1043 3466 1243 3532 referentium
1273 3469 1497 3534 confidentiam
1520 3471 1661 3534 miratur.
1715 3466 1762 3532 Ad
1785 3467 1819 3534 C.
1842 3469 1976 3534 Nonium

144 3571 357 3655 Asprenatem,
381 3576 417 3634 ιιι
439 3568 623 3634 Schuetzius
644 3590 715 3634 cum
737 3569 877 3634 frankio
899 3577 932 3634 et
959 3567 1031 3634 aliis
1053 3569 1242 3651 suspicatur,
1264 3590 1388 3635 carmen
1410 3569 1519 3634 datum
1542 3590 1604 3634 nou
1628 3590 1699 3634 esse
1721 3569 1977 3655 inscriptionibus

144 3670 299 3753 docemur,
322 3691 405 3756 quae
426 3668 535 3735 Manlii
554 3671 706 3754 Torquati
728 3691 842 3735 nomen
864 3668 1023 3735 exhibent.
1065 3668 1129 3734 Sed
1150 3668 1190 3733 de
1210 3689 1247 3733 eo
1268 3669 1388 3736 Manlio
1411 3671 1570 3755 Torquato
1593 3691 1760 3737 causarum
1782 3684 1925 3757 patrono,
1947 3675 1975 3736 si

145 3771 271 3854 quidem
295 3793 342 3856 ep.
365 3771 390 3854 l,
412 3770 434 3837 5
456 3770 496 3836 ad
519 3772 653 3837 eundern
676 3774 776 3837 missa
796 3779 856 3853 est,
877 3769 959 3836 nihil
981 3770 1131 3836 traditum
1147 3778 1195 3836 est
1216 3770 1249 3835 in
1270 3792 1331 3855 quo
1354 3773 1504 3856 temporis
1525 3771 1675 3838 indicium
1696 3774 1802 3838 inesse
1819 3772 1976 3839 uideatur.

993 4056 1125 4126 1“ΙΙΙ.

246 4224 402 4291 Octavum
424 4246 550 4292 carmen
572 4232 677 4290 utrum
698 4223 739 4290 ab
762 4226 830 4309 ipso
852 4225 988 4291 Horatio
1017 4234 1182 4292 exaratum
1212 4226 1374 4290 sitneque
1397 4233 1560 4313 tantopere
1581 4225 1758 4292 dubitatum
1783 4236 1848 4311 est,
1878 4235 1914 4294 ut
1934 4227 1974 4294 ab

144 4325 216 4392 aliis
238 4325 332 4412 plane
352 4327 514 4410 reiciatur,
548 4326 589 4393 ab
610 4325 682 4392 aliis
710 4332 812 4392 totum
835 4325 886 4391 vel
907 4329 1081 4393 maximam
1109 4335 1229 4412 partem
1258 4324 1454 4393 defendatur.
1493 4329 1565 4395 Jam
1587 4326 1749 4393 Bentleius
1777 4329 1907 4394 offendit
1935 4328 1975 4395 ad

201 4516 209 4546 Ι

200 4515 225 4663 ²}
243 4509 388 4651 ghehhtrhlr
405 4508 550 4662 77ξηῖθὲ
567 4593 635 4650 Ηοι.
652 4595 715 4661 879)
734 4595 844 4650 confert
860 4595 891 4661 4,
915 4595 949 4650 14
966 4600 995 4653 et
1012 4611 1072 4664 sqq.
1099 4611 1161 4652 cum
1180 4596 1265 4665 Verg.
1283 4595 1386 4667 Georg.
1404 4596 1466 4664 111,
1484 4595 1533 4653 187
1551 4610 1611 4663 sqq.
1629 4595 1654 4663 4,
1672 4597 1706 4652 53
1723 4611 1793 4665 sqq,
1810 4610 1872 4651 enm
1890 4595 1978 4664 Verq.

243 4682 313 4737 Aen.
331 4680 354 4747 1,
371 4679 405 4735 67
423 4693 463 4748 sq.
490 4677 529 4745 11,
546 4678 598 4735 793
614 4692 674 4747 sqq.
697 4677 753 4746 111,
772 4680 823 4735 lus
839 4694 900 4747 sqq.

195 4768 225 4918 :p
240 4762 576 4919 gerpgefuflflopptssggdebt
588 4762 805 4916 s{lehriftatellen
822 4761 924 4820 Laulb.
941 4764 982 4820 77.
1001 4765 1043 4834 31,
1062 4764 1122 4820 144.
1149 4763 1263 4820 Kirchn.
1287 4763 1344 4820 tab.
1369 4764 1427 4819 etr.
1445 4764 1503 4820 737.
1521 4762 1658 4821 otharius
1682 4780 1709 4835 p.
1726 4765 1784 4821 790.
1802 4762 1907 4820 Sehtta
1918 4764 1980 4820 767.
