4450 5475
1159 289 1185 387 a

256 555 379 620 quoque
400 539 496 602 autea
518 540 645 601 secutus
667 541 791 601 erat-
814 533 869 601 sed
886 533 967 602 duos
989 554 1053 601 uno
1076 543 1218 623 tempore
1239 558 1270 603 a.
1292 558 1323 602 u.
1347 536 1409 624 729
1432 537 1565 603 emissos
1589 537 1719 602 esse'ea
1740 535 1779 601 de
1808 557 1904 603 causa
1925 538 2090 623 statuit¹)‚

191 694 197 706 .
255 636 338 722 quod
361 639 512 720 'quattuor
540 638 757 723 georgicorum
777 633 1148 723 Vergilianorumdibros
1171 658 1207 703 eo
1231 658 1314 704 auno
1335 637 1445 716 linitos
1466 643 1500 702 et
1521 635 1636 723 publici
1657 639 1735 703 iuris
1757 638 1858 704 factos
1880 659 1936 724 per
1957 641 2092 727 primam

257 737 328 804 libri
350 739 464 824 prioris
486 740 618 805 satiram
645 737 686 804 ab
709 737 842 804 Horatio
864 745 1059 823 respectatos
1086 746 1119 803 et
1140 738 1315 824 discerptos
1341 760 1412 806 csse
1432 760 1618 825 persuasum
1649 735 1755 805 habet.
1798 739 1886 805 Idem
1914 740 2091 828 exemplum

257 846 365 925 aptum
388 846 438 904 est
460 840 501 906 ad
522 839 802 906 demonstrandum
829 848 967 923 quantae
990 837 1193 905 difficultates
1215 841 1345 906 obstent
1365 841 1394 907 ei
1417 831 1471 924 qui
1493 862 1532 906 ex
1559 840 1792 907 imitationibus
1814 849 1957 927 tempora
1978 844 2091 908 earmi-

257 961 333 1006 rrum
356 940 486 1006 definire
508 941 588 1007 vult.
629 939 830 1025 llranlriuffl)
860 942 945 1007 enim
968 951 1004 1017 ut
1031 941 1064 1006 in
1088 961 1125 1007 eo
1148 941 1231 1027 quod
1253 942 1420 1008 Horatium
1444 943 1476 1006 in
1507 940 1563 1008 illa
1585 944 1684 1008 satira
1712 945 1845 1028 priorem
1874 944 2092 1030 georgicorum

208 1041 213 1053 ’
256 1041 372 1108 librum
395 1044 571 1128 respexisse
593 1049 701 1108 censet
722 1043 878 1108 consentit
899 1062 969 1108 eum
991 1042 1136 1124 Hermio,
1165 1045 1212 1108 ita
1232 1044 1265 1108 in
1288 1042 1388 1110 altero
1411 1043 1490 1108 libro
1512 1040 1686 1127 Vergilium
1716 1043 1812 1109 simili
1842 1044 1935 1111 modo
1958 1043 2090 1110 Horatio

255 1143 456 1230 respondisse
477 1150 568 1230 putat
590 1151 622 1210 et
643 1142 703 1209 bac
725 1143 764 1208 de
786 1163 883 1209 causa
904 1143 988 1209 idem
1011 1143 1094 1229 quod
1109 1143 1257 1210 Hertzius
1278 1165 1317 1210 ex
1339 1143 1493 1210 relatione
1508 1145 1727 1230 georgicorum
1750 1144 1901 1213 librorum
1926 1153 1958 1211 et
1971 1146 2091 1231 primae

254 1248 373 1332 prioris
394 1244 466 1310 libri
488 1247 608 1311 satirae
629 1243 776 1328 colligere
797 1265 860 1310 nou
882 1252 997 1331 potest.
1031 1245 1145 1331 ltaque
1167 1247 1195 1310 si
1210 1248 1367 1311 rationem
1389 1245 1528 1330 aliquam
1550 1246 1631 1310 inter
1646 1245 1770 1311 Horatii
1787 1254 1820 1312 et
1835 1245 1966 1312 alterius
1979 1255 2092 1332 po'e'tae

258 1348 347 1415 locos
369 1345 560 1413 intercedere
581 1344 777 1432 exploratum
800 1353 859 1430 est,
883 1367 1006 1433 semper·
1021 1346 1232 1432 quaerendum
1251 1349 1311 1412 erit
1328 1354 1397 1413 uter
1418 1354 1525 1411 utrum
1547 1348 1692 1411 imitatus
1714 1349 1758 1412 sit
1785 1347 1868 1433 qnod
1891 1347 2008 1432 ubique
2035 1371 2091 1433 pro

260 1456 346 1516 certo
368 1448 429 1513 dici
451 1468 546 1533 posse
572 1446 657 1513 haud
679 1445 773 1513 facile
788 1434 960 1533 'quisquam
990 1448 1197 1515 contenderit.
1240 1446 1369 1514 Accedit
1397 1448 1479 1533 quod
1510 1446 1567 1513 illa
1588 1450 1668 1513 ratio
1691 1456 1797 1515 utrum
1826 1448 2026 1515 concedenda
2050 1471 2092 1515 au

257 1550 405 1635 neganda
426 1552 470 1615 sit
492 1548 600 1615 multis
620 1547 699 1614 locis
721 1569 838 1633 magna
865 1545 915 1615 ιιι
935 1550 1018 1615 inter
1039 1549 1127 1615 viros
1149 1549 1258 1614 doctos
1281 1549 1446 1615 dissensio.
1495 1548 1639 1636 Exempli
1666 1570 1764 1615 causa
1784 1551 1914 1616 nomino
1937 1536 2092 1616 Duentzess

230 1673 233 1678 ⁴
259 1652 371 1737 rum⁸)
401 1653 455 1737 qui
484 1671 671 1718 eonsensum
693 1647 831 1734 aliquem
852 1651 934 1716 inter
956 1649 1123 1716 Horatium
1146 1659 1179 1716 et
1200 1649 1372 1750 Vergilium
1393 1649 1558 1736 permultis
1579 1649 1657 1717 loeis
1679 1658 1804 1718 exstare
1825 1658 1933 1717 censet
1962 1659 1995 1717 et
2016 1650 2091 1717 Pal-

260 1752 389 1819 damum
412 1754 474 1838 qui'
487 1752 753 1819 commentatione
783 1750 822 1815 de
844 1752 1022 1817 imitatione
1043 1750 1166 1818 Horatii
1195 1772 1278 1818 anuo
1309 1752 1389 1822 1851
1413 1750 1688 1837 Grypbiswaldiae
1718 1751 1803 1817 edita
1824 1751 1993 1819 Horatium
2015 1753 2091 1818 Ver-

259 1855 328 1941 gilii
349 1858 490 1921 carmina
516 1874 682 1939 nusquam,
704 1851 876 1937 Vergilium
898 1852 1022 1918 Horatii
1044 1854 1154 1938 paucis
1176 1851 1255 1918 locis
1282 1852 1437 1918 imitando
1465 1854 1659 1938 expressisse
1687 1853 1916 1946 coutenditt).
1940 1854 2020 1921 Utut
2040 1874 2091 1918 res

260 1965 318 2039 est,
341 1954 493 2043 quidquid
509 1955 548 2021 de
570 1953 751 2041 aequalium
767 1955 946 2019 imitatione
967 1990 1008 2001 -
1031 1974 1106 2018 nam
1128 1956 1340 2020 imitationem
1355 1956 1416 2020 nisi
1432 1952 1612 2038 aequalium
1634 1952 1673 2020 ad
1690 1954 1935 2041 disputationem
1951 1962 2092 2021 nostram

259 2080 323 2125 non
344 2059 500 2150 pertinere
521 2063 673 2142 patet-
694 2052 850 2141 prolatum
873 2061 931 2136 est
954 2053 993 2119 ad
1017 2052 1144 2140 singula
1165 2058 1268 2140 quarti
1290 2054 1362 2121 libri
1385 2057 1525 2121 carmina
1546 2053 1738 2139 notabimus,
1761 2064 1905 2123 notatum
1929 2057 2092 2122 examina·

261 2160 389 2225 bimus.
419 2158 542 2240 Quibus
568 2156 837 2242 disputationibus
865 2157 1012 2240 quamvis
1041 2155 1081 2222 ad
1108 2154 1221 2222 horum
1252 2158 1425 2223 carminum
1447 2163 1596 2240 itempora
1621 2155 1802 2225 definienda
1829 2156 1962 2223 multum
1985 2156 2094 2243 profici

262 2281 356 2346 posse
377 2281 441 2326 non
463 2259 713 2341 adfirmaverim,
738 2256 824 2324 baud
848 2259 914 2323 scio
944 2279 985 2324 an
1012 2265 1149 2323 notaet
1151 2278 1312 2342 emporum
1334 2257 1461 2324 aliunde
1482 2257 1594 2323 ductae
1622 2278 1661 2325 ea
1687 2278 1721 2323 re
1750 2266 1823 2324 aut
1834 2258 2011 2326 confirmari
2038 2266 2092 2324 aut

261 2360 392 2428 refutari
412 2362 545 2447 possint

365 2462 453 2530 Satis
474 2461 591 2528 dictum
614 2482 684 2528 esse
706 2460 797 2527 arbit
776 2470 840 2526 ιιοι
862 2460 900 2526 de
922 2461 1036 2525 imitat'
1014 2468 1101 2525 trone
1122 2460 1314 2538 Horatiaua;
1344 2479 1428 2526 nunc
1450 2456 1612 2544 explicabo
1634 2458 1709 2545 quid
1732 2460 1923 2527 censendum
1946 2461 2056 2527 rideat
2042 2469 2093 2527 tur

263 2564 302 2630 de
328 2564 436 2631 ordine
457 2564 634 2630 vcarminum
662 2583 723 2647 quo
757 2561 882 2646 digesta
908 2562 1111 2627 inveniuntur
1133 2563 1165 2626 iu
1188 2561 1276 2627 libris
1304 2560 1549 2645 manuscriptis.
1579 2561 1640 2641 Qui
1668 2560 1743 2626 ordo
1772 2563 1848 2647 quin
1876 2563 1937 2646 ipsi
1961 2562 2092 2629 Horatio

262 2666 448 2734 tribuendus
470 2666 597 2731 sitnon
619 2664 739 2746 dubito,
761 2684 835 2727 nam
857 2673 971 2749 postea
991 2683 1135 2728 eversum
1153 2681 1223 2728 esse
1245 2684 1317 2729 eum
1340 2661 1481 2726 ordinem
1497 2681 1560 2745 quo
1575 2651 1727 2727 Horatius
1742 2671 1890 2750 poemata
1911 2664 2092 2752 promulga-

262 2771 312 2835 vit
325 2789 435 2854 neque
456 2776 506 2833 est
527 2787 581 2833 cur
602 2773 782 2832 statuamus
804 2772 836 2830 et
858 2764 953 2849 plana
975 2765 1114 2830 omnium
1138 2762 1287 2829 librorum
1311 2766 1517 2829 consensione
1539 2760 1744 2846 refutaturll.
1775 2765 1887 2850 Itaque
1908 2767 1934 2831 si
1957 2767 2095 2852 perquiri

263 2873 364 2957 possit
380 2878 550 2956 'quousque
571 2868 723 2934 Horatius
745 2878 919 2952 temporum
942 2866 1058 2951 quibus
1079 2869 1220 2932 carmina
1241 2865 1385 2932 confecta
1405 2875 1480 2933 sunt
1501 2863 1639 2930 ordinem
1663 2865 1832 2950 reliquerit,
1863 2888 2012 2953 magnum
2035 2865 2107 2932 hue·

263 2994 303 3038 ex
324 2994 356 3038 re
379 2972 515 3038 fructum
536 2971 744 3056 percipiamus
759 2967 805 3033 'ad
829 2976 973 3053 tempora
993 2965 1182 3032 definienda.
1216 2965 1427 3047 Quamobrem
1443 2964 1694 3050 compluresqui
1712 2966 1905 3052 temporibus
1920 2967 2102 3034 carminum

262 3072 390 3139 Horatii
418 3070 605 3138 definiendis
632 3091 757 3155 operam
787 3067 940 3135 dederunt
965 3066 1110 3133 homines
1139 3066 1222 3133 docti
1251 3065 1311 3134 bac
1342 3068 1381 3134 de
1407 3076 1497 3153 parte
1526 3069 1569 3132 rei
1599 3065 1701 3132 lucem
1724 3067 1845 3132 adferre
1876 3072 1980 3135 conati
2009 3078 2094 3136 sunt.

262 3173 495 3259 tremuerunt)
521 3170 582 3238 hoe
608 3192 704 3236 unum
735 3170 839 3255 egisse
868 3171 900 3234 in
923 3168 1116 3235 carminibus
1142 3168 1322 3256 digerendis
1343 3169 1511 3234 Horatium
1533 3174 1642 3254 putat,
1669 3176 1705 3233 ut
1734 3171 1873 3234 carmina
1900 3174 2095 3255 argumentis

263 3277 345 3341 inter
366 3296 402 3341 se
429 3274 547 3340 similia
568 3295 664 3358 quam
686 3272 823 3337 maxime
849 3268 1049 3335 distraheret
1092 3268 1275 3357 cahniusr)
1297 3291 1373 3337 vero
1395 3269 1434 3334 de
1457 3267 1530 3335 aliis
1557 3269 1645 3336 libris
1667 3268 1745 3352 alia,
1775 3271 1815 3336 de
1837 3280 1951 3354 quarto
1981 3274 2094 3337 earmi-

263 3396 340 3442 num
368 3374 450 3441 libro
478 3382 586 3441 censet
611 3374 778 3440 Horatium
808 3373 972 3457 praecipue
999 3377 1170 3436 metrorum
1201 3371 1390 3438 varietatem
1425 3372 1457 3435 in
1489 3372 1680 3436 carminibus
1710 3370 1901 3437 collocandis
1932 3373 2094 3457 petivisse.

155 3472 159 3479 ’
262 3476 384 3558 Quibus
407 3478 512 3541 cauus
533 3495 733 3541 numerorum
756 3480 789 3538 et
810 3493 913 3538 rerum
934 3472 1082 3538 varietati
1104 3473 1159 3557 qui
1181 3473 1322 3557 proximo
1347 3480 1487 3557 tempore
1509 3470 1569 3537 hac
1590 3470 1629 3536 de
1651 3493 1684 3538 re
1706 3472 1922 3538 disseruerunt
1939 3471 2095 3540 Christius

263 3585 296 3643 et
322 3576 533 3662 Kiesslingius
561 3578 685 3641 tertiam
713 3574 872 3659 quandam
903 3572 1092 3639 addidertun
1116 3572 1281 3639 Horatium
1308 3572 1472 3639 homiuum
1502 3594 1625 3658 quoque
1653 3573 1773 3669 quibus
1803 3574 1930 3658 singula
1956 3577 2096 3641 carmina

264 3680 404 3745 mitteret
426 3677 650 3763 dignitatem'
642 3699 675 3741 ιιι
704 3674 894 3742 carminibus
916 3674 1120 3759 disponendis
1142 3674 1319 3759 respexisse
1341 3674 1496 3742 arbitrati
1540 3679 1644 3761 Atque
1673 3675 1714 3741 ad
1735 3675 1838 3762 primi
1856 3674 1929 3740 libri
1955 3678 2095 3742 carmina

263 3779 368 3848 l-lX
390 3776 562 3865 digerenda
583 3797 692 3843 omnes
714 3798 769 3844 eas
791 3798 842 3843 res
863 3776 1053 3863 pertinuisse
1078 3776 1197 3841 evincit
1184 3774 1336 3843 tOlrrist
1310 3786 1373 3844 trus
1384 3777 1432 3863 8);
1465 3784 1637 3842 metrorum
1659 3778 1846 3842 varietatem
1875 3784 1911 3843 nt
1933 3779 2095 3861 usquead

267 3909 467 3924 ——

264 3951 288 4012 ξ’
321 3965 346 4029 ¹)
363 3962 447 4018 Arral
465 3963 489 4030 Ι,
506 3942 534 4034 p.
552 3964 586 4018 12
603 3966 634 4018 et
650 3977 709 4033 sqq

320 4046 602 4119 mrnpmm

320 4135 346 4198 ἰ
365 4126 509 4201 Vergilius
526 4132 585 4188 und
603 4122 745 4188 Horatius.
776 4128 865 4198 (Hane
882 4130 1058 4188 Jutrtoetsr
1075 4130 1122 4187 rur
1139 4059 1297 4201 Pbilologle
1314 4128 1371 4185 und
1387 4128 1553 4200 Ptdagogilr
1571 4133 1612 4188 89.
1630 4128 1725 4201 Leipa.
1739 4132 1814 4187 1869.
1833 4148 1858 4202 p.
1876 4133 1927 4188 313
1945 4138 1974 4187 et
1990 4137 2062 4200 sqq)

321 4219 346 4278 ι)
364 4216 517 4273 Daeutaer.
534 4218 552 4275 ι.
571 4217 589 4272 1.
607 4232 635 4286 ιι.
652 4215 784 4274 amatu
802 4217 844 4271 10.

319 4300 694 4367 ⁵)Atiterssrrrir130brik,
719 4301 884 4370 quinorum
909 4299 1047 4369 quandam
1070 4298 1208 4355 ratiomm
1231 4299 1384 4356 carminum
1407 4299 1438 4355 in
1463 4298 1603 4354 codicibus
1627 4299 1824 4369 dispositorum
1849 4316 1879 4356 sa
1902 4301 2044 4358 iuvenisse
2068 4305 2097 4360 in

365 4391 504 4443 conventu
521 4385 726 4456 philologomm
744 4384 961 4440 Pomerauornm
979 4384 1140 4453 nuperrime
1153 4383 1262 4452 docuit3
1281 4385 1329 4453 qui
1347 4383 1421 4453 quod
1439 4389 1607 4452 argumenta
1625 4383 1724 4452 quibus
1749 4401 1810 4439 eam
1828 4386 1998 4441 seutentiam
2023 4403 2097 4443 com

364 4470 480 4539 probari
497 4485 581 4542 posse
603 4469 760 4526 arbitratur
776 4468 907 4538 publici
899 4469 969 4524 ruris
992 4468 1114 4525 nondum
1139 4468 1208 4525 fecit
1231 4468 1318 4525 doleo.
1361 4468 1474 4524 Bltttter
1500 4469 1547 4524 fttr
1564 4468 1683 4524 h'bheres
1702 4468 1879 4526 Schulweseu
1902 4472 1925 4538 1,
1949 4471 2006 4528 xn
2031 4474 2097 4529 1884

321 4642 346 4707 r)
364 4556 745 4708 1QudlldlioncsHoratianus.
769 4637 935 4708 Scripsitc.
948 4638 1093 4694 Kirctmer.
1111 4636 1187 4707 Lips
1205 4636 1280 4694 18³4.
1299 4639 1321 4695 L
1346 4637 1386 4694 De
1399 4636 1566 4694 Bentlciana
1584 4642 1739 4708 temporum
1758 4638 1858 4706 qulbus
1879 4638 2015 4696 Horatius
2032 4648 2098 4710 poe·

362 4728 470 4780 matum
487 4739 599 4779 suornm
616 4722 704 4779 libros
721 4722 869 4791 scripserit
885 4720 1099 4778 constitutione.
1118 4737 1145 4791 p.
1163 4721 1206 4777 40.

316 4812 343 4876 1)
361 4807 561 4878 Quaestionum
578 4808 798 4866 Horatianarum
816 4807 895 4862 trias.
913 4806 1026 4863 Bounae
1045 4808 1118 4864 1838
1137 4823 1162 4878 ιι.
1183 4809 1222 4863 13.

319 4896 344 4961 ¹)
362 4893 439 4951 Post.
458 4894 557 4951 Horat.
575 4893 658 4966 epier.
676 4907 704 4964 p.
722 4892 832 4949 10-12.
