4450 5475
933 182 1137 297 -1-0-

221 398 440 466 Bentleius
454 403 483 479 ¹)
506 400 547 466 ad
563 421 658 468 carm.
680 401 732 483 IV,
755 402 786 485 4,
804 403 842 468 17
865 401 985 488 profert
1006 398 1101 467 baec:
1125 398 1215 479 Quae
1243 399 1274 463 in
1293 396 1486 463 editionibus
1507 399 1644 464 vetustis
1665 401 1841 486 concipitur
1859 399 1952 468 lectio

121 501 207 565 etin
229 501 455 568 recentioribus
477 502 651 589 plerisque:
674 503 808 588 „Videre
823 504 916 569 Raeti
940 503 1023 568 bella
1043 500 1103 569 sub
1114 500 1246 585 Alpibus
1258 501 1394 566 Drusum
1417 508 1577 585 gerentem
1599 500 1773 567 Vindelici“
1794 500 1878 567 falsa
1895 510 1955 580 est,

120 600 204 686 quod
225 600 343 668 Raetos
366 610 399 668 et
419 602 598 671 Vindelicos
619 607 701 670 inter
722 625 758 670 se
779 604 924 671 diversos
945 604 1044 670 irrisae
1065 602 1160 668 multi
1181 602 1256 667 boni
1277 603 1445 686 scriptores
1467 599 1673 668 tradiderunt.
1708 603 1781 683 Qua
1800 601 1841 669 de
1861 623 1959 668 cansa

123 701 487 772 Decennsemendarit:
513 706 647 788 „Videre
657 705 751 772 Raeti
773 705 858 771 bella
869 707 928 771 sub
943 705 1075 791 Alpibus
1091 703 1228 770 Drusum
1239 710 1401 788 gerentem
1425 711 1457 768 et
1470 700 1656 786 Vindelici“,
1678 704 1733 769 sed
1755 724 1858 790 neque
1879 703 1965 774 ans

121 800 201 869 liber
216 803 311 888 paulo
322 806 479 871 vetustior
495 808 748 874 coniunctionem
769 808 843 890 „et“
865 808 1011 892 agnoscit
1031 814 1064 872 et
1082 804 1218 870 historia
1233 807 1305 891 ipsa
1325 804 1511 889 refragatur.
1543 802 1612 869 Non
1629 806 1714 870 enim
1729 805 1825 872 Raeti
1840 813 1873 872 et
1886 806 1963 871 Vm

121 905 213 971 delici
234 905 342 971 videre
364 906 500 973 Dmsum
523 907 711 988 bcHantem;
741 910 857 994 quippe
878 907 1001 974 Drusus
1023 905 1202 973 Vindelicos
1223 914 1366 988 tantum,
1395 905 1515 970 Raetos
1538 905 1684 972 'liberius
1706 906 1880 992 adgressus
1900 913 1960 973 est

121 1006 244 1072 Patere
266 1008 308 1087 ll,
330 1009 382 1074 95.
412 1009 523 1074 Horat
552 1029 648 1076 carru.
671 1011 722 1092 lV,
746 1010 797 1090 14,
818 1012 850 1076 4.
898 1007 1107 1090 Quamobrem
1136 1015 1254 1074 certam
1287 1007 1382 1073 huius
1409 1006 1470 1073 loci
1495 1009 1682 1093 scripturam
1710 1028 1750 1074 ex
1780 1008 1961 1074 coniectura

122 1110 264 1174 invenire
285 1107 448 1176 Bentleius
470 1109 608 1177 studuit:
632 1111 766 1194 „Videre
787 1111 897 1177 Raetis
920 1109 1004 1176 bella
1024 1109 1084 1176 sub
1095 1108 1231 1195 Alpibus
1241 1109 1379 1174 Drusum
1401 1116 1560 1193 gerentum
1574 1108 1746 1175 Vindelici“
1768 1130 1862 1194 quam
1884 1127 1959 1174 eou-

120 1216 272 1285 iectnram
293 1211 389 1274 etiam
408 1210 549 1277 codicum
570 1215 760 1279 auctoritate
779 1211 1024 1299 comprobatam,
1046 1212 1145 1278 codex
1166 1212 1250 1276 enim
1272 1211 1410 1296 optimus
1432 1211 1587 1276 Torrentii
1610 1217 1643 1275 et
1661 1211 1848 1276 veterrimus
1863 1208 1960 1275 Grae-

122 1312 238 1375 vianus
260 1310 399 1393 „Retii“
417 1309 537 1379 habent
557 1313 642 1399 quod
664 1335 685 1379 a
705 1313 847 1398 „Retis“
870 1313 1042 1380 scribarum
1065 1332 1169 1380 errore
1190 1311 1322 1378 linxisse
1348 1311 1488 1394 ridetur,
1520 1318 1616 1378 autea
1637 1314 1701 1377 iarn
1725 1311 1791 1377 Nic
1811 1310 1963 1379 Heinsius

119 1420 335 1497 proposuerat

223 1512 244 1579 J
249 1514 403 1596 aniane)
426 1512 592 1579 Horatium
608 1514 702 1581 Drusi
726 1515 905 1601 'liboriique
923 1518 1089 1582 victoriam
1111 1513 1243 1581 laudare
1264 1520 1297 1579 et
1316 1511 1475 1580 celebrare
1496 1514 1618 1580 iussum
1641 1512 1681 1579 ab
1696 1514 1841 1598 Augusto
1863 1510 1959 1579 huius

120 1612 193 1678 libri
221 1624 368 1700 quartum
399 1622 433 1681 et
459 1614 614 1680 decimum
640 1623 786 1702 quartum
814 1638 918 1701 neque
945 1626 1052 1684 tamen
1080 1619 1169 1703 prins
1198 1637 1293 1701 quam
1320 1636 1405 1681 anno
1427 1637 1459 1683 n.
1481 1615 1542 1681 741
1573 1622 1647 1699 post
1667 1616 1803 1702 Augusti
1824 1613 1959 1679 reditum

122 1718 336 1802 composuisse
356 1723 481 1791 censet;
509 1736 642 1800 quornm
663 1715 743 1784 illud
764 1719 887 1803 proprie
908 1719 948 1784 ad
972 1719 1126 1802 Drusum,
1152 1717 1213 1783 hoc
1232 1718 1432 1803 potissimum
1462 1715 1507 1782 ad
1526 1716 1686 1782 Tiberium
1708 1717 1876 1801 pertinere.
1919 1715 1957 1781 In

122 1818 261 1882 carmine
281 1826 393 1903 quarto
421 1816 558 1883 Drusum
585 1820 737 1885 victorem
764 1823 835 1886 cani
857 1819 1018 1886 contendit
1038 1818 1211 1885 Raetorum
1238 1817 1394 1903 simulque
1420 1816 1654 1883 Vindelicornm
1683 1817 1800 1882 reiecta
1821 1815 1958 1883 Bentleii

122 1919 281 1983 sententia
295 1919 347 2003 qni
363 1938 403 1984 ex
419 1918 530 1984 Velleii
550 1920 674 1986 verbis:
697 1927 851 2006 „uterque
865 1919 978 1987 divisis
992 1920 1137 2006 partibus
1156 1918 1276 1984 Raetm
1291 1918 1530 2004 Vindelicosque
1544 1917 1710 2003 adgressi“
1732 1915 1860 2002 collegit
1874 1917 1956 1984 Dru·

122 2037 192 2083 suru
215 2040 286 2084 eum
308 2018 479 2086 Vindelicis
500 2028 634 2103 tantum,
656 2041 728 2087 curn
744 2020 856 2088 Raetis
872 2020 1032 2088 'liberium
1053 2041 1222 2108 pugnasse,
1245 2021 1321 2105 quia
1341 2018 1374 2084 id
1396 2021 1430 2085 iu
1448 2018 1499 2085 his
1522 2016 1632 2085 Velleii
1653 2016 1759 2083 verbis
1784 2038 1847 2084 non
1869 2020 1955 2102 insit,

123 2120 197 2204 quia
221 2120 284 2186 alio
305 2119 416 2186 Velleii
443 2120 515 2188 loco
545 2122 598 2206 (ll,
624 2123 700 2206 122)
724 2122 870 2202 'liberius
892 2122 1125 2189 Vindelicornm
1145 2121 1381 2206 Raetorumque
1401 2123 1505 2187 victor
1527 2117 1701 2205 appelletur
1721 2124 1755 2184 et
1776 2121 1851 2204 quio
1871 2119 1955 2186 Rae·

123 2229 173 2285 tos
195 2229 228 2286 et
250 2221 426 2288 Vindelicos
446 2221 573 2289 foedere
594 2225 753 2290 artissimo
775 2226 858 2289 inter
878 2245 914 2291 se
935 2225 1061 2289 iunctos
1082 2223 1183 2290 luisse
1202 2243 1307 2307 neque
1327 2230 1492 2308 separatos
1513 2220 1569 2288 sed
1592 2221 1731 2287 sociatos
1752 2222 1955 2287 commixtos·

122 2342 183 2405 quc
205 2324 361 2396 exereitus
381 2323 532 2391 habuisse
552 2324 646 2411 plane
667 2331 828 2412 appareat.
870 2324 920 2391 Ea
940 2327 1010 2410 ipsa
1031 2324 1071 2390 de
1092 2344 1205 2407 causa,
1235 2323 1319 2411 quod
1340 2325 1417 2390 socii
1440 2324 1558 2389 inerint
1587 2343 1624 2388 eo
1646 2325 1679 2387 iu
1700 2320 1786 2389 bello
1807 2322 1902 2390 Raeti
1924 2329 1957 2387 et

122 2421 291 2505 Vindelici,
314 2433 431 2510 ‘poetae
458 2425 559 2492 fuisse
585 2449 641 2513 prc
672 2437 804 2514 utroque
829 2425 946 2513 populo
977 2426 1164 2493 alterutrum
1188 2426 1363 2491 nominare.
1393 2425 1500 2506 418.
1530 2423 1709 2506 14,9.15.
1735 2445 1810 2490 nam
1831 2423 1956 2491 Genau-

122 2543 181 2589 nos
203 2532 235 2589 et
255 2523 398 2591 Brennos
427 2526 478 2591 hic
500 2538 762 2594 commemoratos
789 2526 831 2594 sd
858 2527 977 2594 Raetos
1005 2529 1111 2614 potius
1141 2547 1237 2614 quam
1264 2525 1305 2592 ad
1328 2524 1507 2591 Vindelicos
1535 2523 1715 2590 referendos
1742 2544 1812 2590 esse
1832 2530 1958 2610 propter

122 2623 204 2691 Plin.
227 2625 285 2709 Ill,
306 2625 358 2692 20.

223 2727 552 2811 Grotefendiw)
579 2751 705 2796 carmen
730 2728 753 2795 4
775 2755 804 2796 u.
826 2752 858 2797 n.
880 2730 959 2816 740,
983 2731 1024 2797 14
1043 2736 1117 2818 post
1145 2729 1281 2815 Augusti
1296 2764 1297 2767 π
1312 2750 1352 2793 ex
1372 2727 1528 2812 Hispania
1549 2725 1655 2797 Gallia
1676 2725 1847 2793 Germania
1871 2722 1955 2790 redi-

122 2836 189 2891 tum
211 2847 241 2892 a.
263 2828 323 2893 741
348 2837 511 2895 exaratum
533 2830 631 2896 fuisse
652 2837 755 2917 putat.

221 2927 508 3010 Kirchnerus‘)
530 2932 716 3016 praesertim
736 2929 823 2998 Janii
843 2936 1021 3000 sententiae
1043 2952 1223 3019 repugnans
1247 2928 1444 3013 VIndelicos‚
1472 2932 1587 3020 inquit,
1609 2952 1631 2999 a
1650 2930 1769 3005 Druso,
1791 2924 1911 2991 Raetos
1933 2944 1955 2991 a

125 3028 250 3095 'liberio
272 3031 472 3116 potissimum
494 3029 637 3099 devictos
651 3032 805 3099 Horatius
828 3036 897 3119 ipae
918 3034 1037 3100 indicat
1055 3032 1093 3115 4,
1106 3035 1144 3100 17
1167 3033 1221 3099 ubi
1242 3030 1376 3098 Bentleii
1398 3033 1577 3101 emendatio
1599 3027 1782 3117 accipienda
1802 3034 1863 3093 est.
1896 3027 1952 3092 At·

122 3150 183 3215 que
213 3131 296 3196 idem
323 3134 356 3198 iu
384 3134 521 3198 carmine
551 3133 591 3199 14
618 3133 797 3202 Vindelicos
824 3157 845 3201 a
872 3135 975 3202 Druso
1002 3156 1066 3201 non
1095 3133 1215 3215 semel,
1246 3131 1303 3198 sed
1326 3133 1424 3221 „plus
1445 3136 1516 3201 sice
1536 3132 1698 3219 simplicl“
1720 3129 1751 3195 b.
1773 3149 1802 3193 e.
1824 3147 1900 3194 sere
1921 3133 1954 3192 et

122 3232 288 3317 aestate‘)
318 3231 462 3298 devictos
490 3253 562 3299 esse
591 3232 801 3318 demonstrat,
828 3246 938 3303 contm
964 3236 1084 3302 Raetos
1110 3258 1132 3301 a
1156 3236 1278 3301 maiore
1298 3234 1456 3302 Neronum
1479 3235 1605 3302 ‘liberio
1637 3229 1732 3318 paulo
1762 3235 1836 3314 post
1862 3229 1953 3326 gravi

122 3330 242 3415 proelio
264 3352 335 3398 ease
356 3333 476 3418 pulsos.
516 3335 597 3400 Nam
619 3334 789 3402 Genamm
817 3344 850 3403 et
877 3336 1019 3403 Brennos
1039 3337 1273 3403 Vindelicornm
1294 3344 1400 3422 partes
1423 3337 1524 3403 inisse
1545 3344 1577 3402 et
1598 3334 1752 3400 Horatius
1776 3333 1842 3416 ipse
1863 3350 1891 3397 c.
1914 3330 1955 3396 14

123 3438 156 3497 et
176 3431 379 3499 Ptolemaeus
407 3434 534 3520 (Geogr.
555 3434 597 3518 ll,
621 3436 676 3519 13)
705 3438 798 3501 testis
824 3445 874 3504 est
900 3447 934 3504 et
961 3437 1075 3504 Strabo
1095 3440 1153 3520 54,
1175 3438 1240 3505 206
1258 3436 1294 3504 Β.
1345 3437 1436 3519 Quod
1462 3458 1539 3503 vero
1561 3435 1685 3503 Plinius
1706 3433 1744 3498 N.
1766 3431 1807 3497 H.
1828 3430 1883 3514 DI,
1911 3431 1954 3497 24

123 3530 265 3600 Brennos
286 3544 319 3600 et
339 3535 509 3602 Genaunes
530 3535 562 3600 in
584 3535 733 3621 gentibus
755 3536 882 3623 quidem
904 3538 1027 3623 Alpinis
1046 3538 1103 3605 scd
1124 3559 1188 3605 non
1210 3541 1334 3625 proprie
1354 3540 1388 3603 in
1402 3536 1573 3603 Vundelicis
1594 3542 1750 3617 numerat,
1771 3531 1846 3599 inde
1865 3540 1955 3617 patet

123 3654 188 3698 non
210 3638 289 3701 satis
310 3638 393 3702 inter
413 3635 563 3721 aequales
584 3636 645 3702 hae
666 3636 705 3703 de
727 3659 761 3704 re
781 3640 973 3706 constitisse.
1016 3639 1128 3707 Dionis
1156 3647 1266 3706 autern
1288 3639 1478 3705 conufflnm
1507 3639 1725 3705 testimonium
1754 3653 1817 3699 non
1839 3639 1956 3715 exstat,

122 3752 197 3798 nam
219 3737 248 3801 is
269 3758 308 3803 ex
330 3758 391 3803 usn
413 3737 597 3822 posterioris
620 3741 690 3804 aevi
713 3737 935 3826 loquiturque
957 3740 1120 3807 Vindelico
1150 3743 1246 3809 aiam
1274 3739 1334 3806 sub
1361 3741 1519 3806 communi
1540 3739 1673 3807 Raetiae
1693 3734 1876 3823 provinciae
1897 3753 1955 3799 no·

123 3835 209 3900 mine
236 3836 566 3923 comprehendebatur.
616 3837 826 3918 Quamobrem
857 3842 918 3907 ode
947 3843 970 3908 4
994 3842 1050 3910 illo
1077 3845 1146 3929 ipso
1178 3863 1263 3909 anno
1292 3843 1355 3908 739
1382 3842 1490 3907 statim
1518 3850 1593 3929 post
1619 3840 1765 3907 nuntium
1795 3833 1834 3899 de
1860 3833 1956 3900 Drusi

77 4024 80 4032 Ι
123 3937 288 4002 victoriam
309 3936 441 4004 aDatum
463 3937 505 4003 ab
527 3937 661 4005 Horatio
683 3944 859 4027 composita
886 3950 951 4017 est;
978 3963 1053 4009 nam
1080 3945 1190 4030 panda
1217 3951 1290 4030 post
1310 3942 1405 4009 Drusi
1432 3945 1598 4011 victoriam
1624 3940 1789 4007 mensibus
1816 3937 1954 4001 carmine

124 4038 298 4121 composito
318 4038 471 4105 Horatius
493 4037 610 4106 'liberii
636 4042 777 4108 animum
803 4045 944 4128 graviter
969 4043 1131 4125 laesisset,
1159 4066 1243 4111 anno
1274 4044 1335 4110 741
1364 4043 1491 4111 demum
1512 4065 1583 4112 cnm
1605 4049 1721 4131 quarta
1750 4034 1873 4102 decima
1894 4033 1954 4103 ode

124 4138 242 4223 scripta
262 4137 399 4206 Drusum
421 4139 471 4207 bis
491 4158 555 4206 uno
578 4150 718 4227 tempore
740 4143 781 4209 ob
803 4144 936 4212 eandem
958 4166 1023 4211 rem
1045 4144 1244 4212 celebrasset

181 4327 192 4359 1

179 4330 206 4476 ’4
223 4322 368 4467 lifigen
383 4410 559 4468 Vnerstensn
577 4411 657 4481 nuo
676 4418 708 4469 et
724 4427 786 4483 sqq.

181 4496 205 4557 ⁸)
222 4491 357 4552 Horatius
373 4510 401 4564 p.
418 4495 509 4552 4711).

179 4580 205 4643 ⁴)
223 4578 239 4639 i
256 4577 298 4633 60.
315 4592 343 4647 p.
359 4580 395 4635 32
411 4582 442 4634 et
457 4592 518 4649 sqq.

179 4664 205 4730 ⁸)
222 4659 339 4717 Rectim
357 4661 431 4719 bnnc
447 4661 536 4719 loenrn
552 4662 760 4735 interpretatur
776 4664 929 4738 Porphyrlo
946 4666 1001 4734 (ed
1013 4668 1109 4738 leyen
1126 4669 1241 4739 plloiz
1259 4669 1340 4736 „nult
1351 4666 1476 4737 intelligi
1493 4668 1523 4725 in
1540 4670 1688 4729 rutundis
1706 4671 1751 4729 bis
1768 4686 1824 4729 non
1841 4676 1952 4728 1111111

223 4742 282 4801 11111
299 4745 405 4803 cladem
422 4745 563 4817 nntius,
580 4752 714 4818 omnam
731 4750 788 4820 ipsi
805 4749 949 4819 dederant,
967 4751 1018 4807 sed
1035 4751 1157 4823 duplant
1174 4752 1227 4809 boc
1244 4758 1290 4809 est
1307 4750 1381 4808 eninr
1399 4767 1472 4819 „non
1481 4751 1637 4822 simplicem
1655 4756 1743 4815 ricem
1760 4756 1950 4814 reddentem‘t
