4450 5475
1088 282 1142 354 ld

197 504 300 583 putat,
322 493 478 582 quiahoc
499 517 582 564 auno
603 495 792 581 (secundum
812 495 906 562 Dion.
926 496 979 580 ot,
1002 499 1059 584 29)
1080 496 1204 564 Lollius
1225 499 1323 583 copiis
1345 500 1464 565 555598
1485 519 1557 566 cum
1578 501 1722 586 Augusto
1744 502 1919 570 Germanos
1939 524 2033 590 paca·

95 677 101 688 .
198 601 249 665 vit
269 608 301 665 et
322 601 437 686 coegit,
459 606 496 665 ut
518 598 645 665 obsides
666 597 842 665 redderent
874 598 1080 684 Nauokius1)
1101 607 1174 684 post
1194 599 2032 690 5165055,555585ἰ587)555155585515585

198 700 377 767 Lollianam
405 721 530 767 carmen
559 700 735 766 confectum
761 721 833 766 esse
860 700 1063 767 arbitrantur.
1106 701 1167 782 Qui
1193 721 1305 768 omnes
1325 722 1437 768 vereor
1457 723 1498 768 ne
1519 705 1620 769 nimia
1645 704 1761 772 fiducia
1782 708 1833 772 usi
1854 708 2033 773 statuerint

196 802 276 868 Nam
298 801 363 868 illis
385 801 491 868 dubiis
519 799 714 887 temporibus
742 823 774 867 v.
796 801 839 868 36
866 800 989 869 cladem
1009 802 1190 869 Lollianam
1220 802 1394 888 significari
1420 805 1550 870 minime
1578 815 1714 873 constat.
1756 807 1876 873 Eodem
1897 809 1966 873 iure
1984 806 2032 871 di·

196 906 281 971 xerit
301 904 373 991 quis
394 924 433 969 ex
454 905 625 987 „secundis
645 902 862 987 temporibus“
884 904 898 986 (
921 951 930 968 .
951 903 1008 988 35)
1029 902 1175 969 concludi
1196 924 1291 989 posse
1317 925 1442 971 carmen
1466 906 1641 972 confectum
1665 928 1745 990 esse,
1768 916 1937 993 postquam
1957 906 2034 972 Lol-

173 1009 260 1073 ·lius
280 1005 367 1072 haud
389 1006 455 1071 scio
477 1024 572 1090 quam
595 1024 660 1068 rem
683 1002 765 1069 bene
786 1006 930 1090 gesserit.
973 1005 1018 1071 Ut
1037 1025 1115 1070 vero
1138 1004 1243 1071 clades
1263 1004 1322 1073 illa
1342 1007 1374 1071 iu
1396 1008 1535 1073 carmine
1556 1029 1640 1074 nono
1662 1017 1804 1095 respecta
1824 1007 1884 1074 hoc
1910 1029 2032 1075 carmen

194 1108 418 1194 praecesserit,
447 1105 531 1171 uude
551 1107 612 1172 riri
633 1103 681 1170 illi
701 1104 786 1171 docti
816 1109 929 1188 sciunt,
952 1110 1092 1192 5555557
1121 1106 1218 1172 Vides
1247 1108 1281 1173 in
1310 1109 1451 1173 carmine
1472 1119 1591 1175 certum
1614 1110 1764 1176 indicium
1793 1111 1945 1196 temporis
1970 1131 2033 1176 uon

194 1213 303 1278 inesse
329 1211 392 1274 uisi
419 1207 451 1272 id
479 1206 563 1293 quod
584 1229 617 1274 v.
639 1207 681 1275 39
702 1207 846 1291 praebet:
881 1207 1073 1293 „consulque
1094 1228 1158 1274 uon
1180 1210 1275 1274 unius
1297 1212 1409 1293 anni“,
1437 1230 1500 1297 quo
1522 1211 1699 1278 ostenditur
1719 1211 1804 1298 quod
1827 1232 1919 1279 nemo
1942 1210 2033 1278 dubi-

197 1312 280 1379 tavit
300 1331 364 1378 uon
385 1312 536 1397 scriptum
559 1330 633 1377 esse
654 1329 781 1375 carmen
802 1316 878 1376 ante
899 1330 1017 1378 annum
1040 1308 1103 1377 733
1125 1331 1187 1398 555
1208 1308 1332 1376 Lollius
1352 1310 1462 1378 consul
1483 1311 1554 1379 fuit.

1053 1649 1166 1719 ΧΙΙ.

299 1837 445 1906 Carmine
465 1835 651 1922 duodecimo
673 1856 737 1903 non
758 1842 885 1923 pactam
906 1834 1079 1921 Vergilium
1102 1833 1253 1921 appellari
1275 1856 1339 1903 nou
1361 1843 1429 1902 tam
1450 1856 1488 1902 eo
1510 1836 1746 1923 comprobatur,
1773 1838 1855 1923 quod
1878 1837 2035 1925 Vergiliae

199 1962 230 2008 a.
252 1939 316 2007 735
343 1946 489 2005 mortuus
511 1947 578 2022 est,
606 1959 701 2024 quam
723 1937 807 2022 quod
834 1946 867 2003 et
893 1943 997 2004 totum
1018 1935 1221 2002 allocutionis
1251 1958 1352 2024 genus
1373 1945 1407 2003 et
1433 1938 1526 2003 nardi
1553 1938 1650 2005 cadus
1680 1938 1726 2022 (v.
1751 1941 1805 2024 17)
1833 1939 2034 2025 studiumque

197 2041 277 2108 lucri
299 2039 345 2126 (v.
366 2040 422 2125 25)
445 2038 529 2106 baud
550 2049 659 2126 aptum
682 2047 732 2106 est
752 2038 891 2126 Vergilio
912 2047 1034 2124 poetae.
1077 2038 1147 2103 Nou
1169 2037 1286 2104 desunt
1307 2038 1436 2124 quidem
1457 2041 1513 2126 qui
1541 2038 1581 2105 ad
1603 2039 1761 2106 Aeneidos
1783 2048 1944 2108 auctorem
1966 2063 2035 2108 aar·

196 2164 269 2210 men
291 2144 440 2228 scriptum
462 2162 533 2209 esse
559 2142 759 2209 arbitrentur.
802 2141 939 2207 Heurico
959 2139 1180 2225 Dueutzero⁸)
1202 2160 1266 2206 nou
1292 2140 1466 2206 refutatum
1495 2139 1622 2206 videtur
1648 2142 1691 2207 ad
1712 2151 1840 2227 poetam
1860 2142 2042 2230 Vergilium¹

197 2245 307 2313 datum
328 2265 399 2311 5885
420 2264 546 2311 carmen
567 2242 631 2310 XII
652 2245 685 2308 in
707 2264 769 2330 555
791 2241 919 2329 Vergilii
942 2240 1086 2307 bucolica
1106 2240 1279 2307 identidem
1301 2242 1525 2326 respiciantur:

566 2359 646 2429 Hor.
667 2382 763 2428 carm.
784 2361 837 2445 IV,
862 2360 910 2444 12,
932 2359 1028 2427 5-8.
1230 2358 1323 2445 Verg.
1346 2358 1416 2426 buc.
1437 2358 1490 2440 Vl,
1513 2359 1554 2426 78
1576 2379 1645 2446 sqq.

596 2510 616 2547 5
700 2509 722 2548 tr
939 2460 1057 2529 9’12·
1261 2507 1282 2541 aa
1368 2507 1388 2542 aa
1452 2458 1495 2543 Hs
1516 2460 1555 2526 31
1581 2481 1651 2545 ⁸(lq‘

1260 2608 1278 2644 .,
1365 2608 1386 2643 „
1434 2560 1493 2644 Ill,
1514 2562 1546 2628 5.
1566 2562 1620 2630 55.
1645 2561 1698 2645 Vl,
1720 2564 1744 2630 4
1763 2583 1831 2649 sqq.

196 2682 456 2770 Dilleuburger⁴)
475 2702 600 2750 carmen
618 2683 769 2768 scriptum
786 2700 857 2747 esse
874 2685 1003 2767 putata
1023 2681 1138 2746 iuvene
1149 2676 1282 2744 Horatio
1302 2677 1343 2745 ad
1362 2680 1509 2744 iuvenem
1520 2677 1693 2767 Vergilium
1715 2701 1800 2748 anuo
1817 2679 1955 2748 fortasse
1971 2681 2034 2749 714

195 2786 345 2855 551715.
377 2787 467 2851 Anno
491 2785 554 2850 714
575 2785 619 2867 (5.
642 2783 713 2851 Chr.
735 2804 767 2849 u.
788 2781 845 2864 40)
868 2782 1077 2868 compositum
1099 2800 1171 2847 esse
1193 2800 1319 2846 555585
1340 2778 1568 2861 8555555589)
1591 2804 1715 2869 555555
1729 2792 1845 2863 censet,
1867 2783 1924 2848 sed
1939 2805 2034 2869 quam

195 2887 315 2973 profert
340 2887 498 2952 sententia
518 2885 591 2951 libri
612 2887 705 2971 primi
738 2906 764 2951 a
786 2883 834 2950 III
854 2890 888 2952 et
907 2882 980 2949 libri
1001 2884 1105 2968 quarti
1127 2903 1154 2948 a
1175 2879 1239 2947 XII
1261 2882 1344 2946 iuter
1364 2901 1400 2946 se
1420 2889 1546 2947 5555855
1567 2904 1656 2968 8885,
1685 2886 1734 2949 ita
1754 2891 1791 2950 ut
1812 2883 1884 2967 „Sic
1905 2891 1938 2950 te
1959 2884 2035 2950 dira

194 2986 436 3075 poteosCypri“
458 3001 581 3071 quarto,
603 2986 691 3070 „lam
713 2987 799 3051 veris
817 2985 969 3051 comitem
991 2985 1092 3069 primo
1114 2981 1195 3047 libro
1218 2981 1442 3048 includendam
1463 2981 1619 3065 videatur,
1642 2984 1721 3051 adeo
1744 3006 1808 3052 uon
1829 2986 1898 3051 seri
1919 2983 2034 3053 similis

196 3083 316 3172 58555
337 3108 439 3173 85555
461 3109 498 3153 ac
520 3087 688 3153 Duentzeri
714 3094 747 3153 et
767 3084 997 3169 Dillenburgeri
1017 3085 1132 3150 'causis
1152 3103 1216 3147 uon
1239 3081 1450 3166 adducamur,
1480 3092 1516 3149 ut
1538 3105 1558 3151 a
1579 3093 1690 3151 nostra
1710 3087 1870 3153 sententia
1890 3084 2034 3152 disceda-

195 3212 278 3257 mus.
320 3189 427 3275 Neque
448 3187 674 3255 dubitaverunt
701 3185 855 3253 eadere
877 3183 1075 3267 chnsuw)
1097 3189 1132 3249 et
1151 3182 1417 3270 Ktaenngimu.
1460 3184 1530 3266 Qua
1559 3208 1593 3252 re
1615 3206 1765 3252 concessa
1784 3186 1870 3253 haud
1898 3186 2033 3253 multum

146 3326 150 3333 ·
193 3296 326 3360 intereat
346 3289 387 3355 ad
409 3291 627 3375 quaestionem
647 3297 800 3368 nostram,
822 3288 952 3373 quinam
973 3283 1028 3350 ille
1047 3284 1111 3351 XII
1132 3282 1282 3351 carminis
1303 3283 1461 3372 Vergdius
1483 3287 1588 3354 fuerit.
1637 3286 1745 3371 Neque
1767 3288 1934 3373 quicquam
1957 3290 2033 3354 certi

196 3416 234 3461 55
255 3394 296 3460 dc
316 3412 351 3457 re
373 3390 529 3477 explorari
548 3398 663 3477 potest.
696 3389 864 3474 Inscriptio
880 3387 1023 3454 codicum
1045 3391 1120 3472 pet
1140 3405 1171 3469 ψ
1192 3407 1325 3470 quorum
1346 3405 1530 3454 communes
1551 3387 1707 3454 lectiones
1720 3386 1865 3455 Kellerus
1886 3388 2033 3456 litteraF

194 3494 353 3581 signavit,
380 3493 420 3558 ad
442 3492 615 3578 Vergilium
644 3489 804 3578 quendam
831 3487 1077 3574 unguentarium
1104 3488 1238 3553 missum
1266 3507 1338 3553 esse
1359 3509 1484 3555 carmen
1506 3486 1674 3573 exhibent,
1705 3497 1740 3555 at
1760 3491 1973 3576 suspicionem
1996 3511 2034 3557 ex

195 3597 333 3663 carmine
353 3594 422 3678 ipso
444 3592 523 3658 illud
545 3592 695 3660 haustum
717 3612 788 3658 esse
810 3598 917 3675 auget,
939 3587 1022 3673 quod
1039 3595 1214 3653 ceterorum
1236 3588 1380 3654 codicum
1402 3590 1561 3674 inscriptis
1583 3588 1623 3654 de
1638 3592 1848 3675 unguentario
1871 3589 1952 3657 nihil
1967 3598 2032 3657 tra-

195 3697 290 3763 ditur.
329 3693 392 3762 Sed
413 3695 482 3760 8155
503 3695 746 3780 unguentarium
769 3691 857 3757 illum
879 3684 1053 3775 Vergilium
1076 3688 1175 3753 luisse
1196 3686 1286 3772 dicis,
1308 3690 1379 3755 sive
1400 3688 1484 3775 quod
1499 3688 1721 3757 Pseudo-Acro
1743 3700 1777 3757 55
1798 3690 1901 3758 Schol.
1918 3691 2032 3779 Crnqu.

195 3796 314 3864 habent
333 3797 572 3881 negotiatorem,
593 3796 663 3860 sive
685 3793 841 3860 medicum
862 3791 1040 3873 Neronum,
1062 3796 1099 3854 ut
1121 3799 1171 3855 est
1191 3789 1225 3854 in
1247 3788 1356 3875 glossa
1376 3789 1484 3856 cod.V
1506 3790 1588 3875 apud
1602 3790 1891 3880 Vanderburgium,
1914 3803 2032 3860 certum

194 3900 346 3983 temporis
372 3896 523 3962 indicium
545 3896 701 3979 usquein
732 3887 792 3959 boc
813 3912 915 3977 55558
944 3892 978 3956 iu
999 3890 1053 3956 illo
1075 3891 1181 3957 inesse
1202 3890 1305 3956 video.
1347 3890 1446 3957 Missa
1468 3892 1564 3976 igitur
1585 3891 1646 3960 hac
1667 3895 1851 3979 quaestione
1873 3896 1954 3962 satis
1976 3895 2033 3961 ha·

195 4002 327 4065 beamus
349 4018 388 4063 ex
410 3999 451 4064 iis
472 4017 553 4083 quae
582 4016 677 4080 supra
700 3994 907 4060 disseruimus
928 3990 1115 4059 concludere
1138 4011 1201 4057 non
1225 4012 1296 4057 esse
1311 4012 1367 4058 cur
1389 4012 1515 4058 carmen
1537 3991 1600 4059 ΧΠ
1621 4003 1697 4061 ante
1718 4014 1748 4065 a.
1772 3994 1835 4062 735
1857 3996 2034 4062 confectum

196 4121 266 4167 esse
286 4097 461 4185 putandum
484 4099 536 4164 sit.

198 4249 399 4268 ..ο-...-

253 4356 281 4421 ¹)
298 4353 356 4409 Des
373 4351 405 4420 Q.
422 4349 457 4406 Η.
474 4347 612 4406 155585
628 4361 656 4402 u.
674 4343 761 4416 Epod
779 4346 804 4401 6.
822 4343 893 4401 sua
913 4360 940 4415 5.
959 4346 1017 4402 199.

250 4440 276 4507 ¹)
294 4437 326 4506 Q.
343 4436 379 4492 Η.
396 4434 437 4491 Ill.
455 4435 478 4490 Ι.
495 4435 521 4488 2.
537 4432 610 4488 Aufl.
628 4449 654 4502 5.
671 4431 730 4487 274.

252 4524 279 4589 ⁸)
296 4521 382 4590 Verg.
400 4533 430 4574 u.
444 4518 511 4573 Hor.
528 4533 555 4587 5.
572 4518 631 4573 328.

251 4610 278 4672 ⁸)
295 4606 327 4674 Q.
345 4605 380 4661 E
398 4602 440 4658 rt
457 4618 501 4671 op.
519 4601 620 4656 omnis.
641 4599 684 4655 sd.
702 4599 736 4656 V.
753 4615 779 4669 p.
797 4599 856 4654 271.

252 4693 277 4756 ⁸)
296 4689 426 4745 Schuetz.
442 4686 465 4754 Ι,
482 4688 508 4741 2.
525 4685 597 4741 Auta
614 4702 641 4755 p.
658 4686 694 4741 48
710 4698 751 4752 sq.
769 4700 795 4754 5.
812 4683 864 4739 279
881 4696 921 4751 85.

253 4779 278 4843 ⁸)
296 4773 374 4829 Fast.
392 4770 458 4826 Hor.
476 4771 562 4840 epicr.
579 4785 606 4838 p.
624 4770 665 4825 10.

147 4860 152 4873 '
251 4862 277 4927 1)
295 4857 325 4913 Ζ.
343 4856 407 4912 Chr.
425 4871 452 4912 u.
469 4858 503 4913 A.
519 4871 546 4925 5.
563 4856 605 4911 52.
