4450 5475
1148 273 1193 345 11

353 489 651 572 Fusrstenau1)
681 497 836 556 terrarum
862 496 895 556 st
915 491 1057 576 gentium
1080 489 1265 574 Alpinarum
1287 491 1352 555 situ
1379 489 1622 574 diligentissime
1649 493 1821 577 perquisito
1850 489 1974 579 colligit
1993 487 2088 553 haec:

254 593 378 661 Drusus
398 613 474 658 vere
495 593 572 658 anni
594 591 657 659 139
685 592 769 657 fudit
794 591 835 658 ad
863 590 958 676 Alpes
987 591 1190 658 Tridentinae
1211 590 1342 657 Raetos.
1390 592 1451 658 Sed
1480 595 1642 674 Augustus
1669 593 1805 660 Drusum
1833 595 1961 681 longius
1989 591 2086 656 etiam

251 695 399 781 progredi
420 695 516 760 iussit
537 693 687 778 misitque
707 693 737 757 ei
759 695 791 758 in
813 691 966 760 auxilinm
989 692 1150 759 Tiberium
1172 693 1312 759 fratrem.
1356 692 1478 758 Drusus
1500 704 1719 779 transgressus
1739 717 1795 779 per
1822 704 1962 763 montem
1984 693 2088 775 Apen-

241 798 363 862 ninum
383 796 528 882 pervenit
548 794 588 860 ad
610 793 753 860 Brennus
774 802 807 860 et
827 795 997 861 Genaunes
1018 802 1052 860 et
1073 796 1151 860 vicit
1172 814 1237 877 eos,
1266 815 1345 879 quos
1366 796 1457 860 initio
1478 816 1534 879 pro
1556 793 1673 875 Illyriis
1694 794 1823 863 habitos
1845 798 1885 864 ad
1909 794 2087 863 Vindelicos

254 898 411 983 pertinere
438 894 666 982 posterioribus
693 896 886 981 temporibus
916 895 1142 963 intellexerunt
1168 895 1315 962 Romani.
1361 895 1506 961 'liberius
1533 895 1688 962 adversus
1715 917 1770 963 eas
1799 907 1912 984 gentes
1938 897 2088 964 Baeticam

253 996 418 1084 proiectus
444 1005 513 1063 erat
533 1018 614 1082 quac
635 997 781 1081 regiones
809 996 904 1064 hodic
931 995 1199 1080 ,‚Graubr“1ndten“
1226 995 1403 1082 appellatas
1433 996 1632 1064 habitabant.
1676 998 1808 1065 Secutus
1828 1000 1933 1066 Rheni
1959 996 2087 1065 alveum

253 1100 333 1165 vicit
352 1097 494 1166 Licatios
524 1108 559 1165 et
579 1098 791 1165 Clautinatios
819 1106 931 1184 gentes
958 1096 1202 1164 Vindelicorum.
1246 1097 1457 1179 Quamobrem
1478 1096 1567 1164 illam
1589 1099 1675 1165 Janii
1704 1104 1894 1167 sententiam
1920 1109 2087 1184 utrumqne

252 1219 379 1265 carmen
394 1198 437 1265 ad
458 1220 557 1266 unum
577 1199 726 1287 idemque
746 1198 871 1266 lacinus
884 1207 918 1265 et
937 1199 978 1264 ad
994 1220 1090 1265 unnnr
1107 1198 1303 1284 eundemque
1318 1219 1437 1265 annum
1452 1202 1608 1285 pertinere
1631 1209 1726 1285 atque
1740 1203 1772 1267 in
1795 1211 1928 1290 unoque
1949 1201 2086 1268 Drusum

253 1303 408 1367 victorem
436 1307 503 1367 tarn
530 1301 702 1367 Raetorum
729 1322 823 1387 qnam
851 1299 1085 1366 Vindelicorum
1114 1302 1185 1365 cani
1208 1301 1425 1385 accipiendum
1450 1321 1522 1366 esse
1548 1300 1720 1368 arbitratur
1745 1302 1950 1370 l'uerstenau.
2006 1300 2087 1367 Nam

255 1421 381 1468 cannen
402 1403 425 1468 4
445 1409 518 1487 post
539 1402 656 1468 bellum
677 1402 848 1469 secundnm
869 1400 954 1488 quod
976 1400 1098 1467 Drusus
1120 1400 1216 1468 simul
1237 1421 1308 1468 cum
1331 1401 1428 1470 iratre
1457 1412 1566 1469 contra
1588 1402 1707 1469 Raetos
1735 1412 1769 1470 et
1788 1403 1967 1471 Vindelicos
1987 1402 2089 1488 gessit

253 1504 404 1588 scriptum
426 1510 460 1568 et
480 1504 521 1570 ad
543 1504 575 1569 id
600 1503 794 1569 referendum
818 1523 890 1568 esse
910 1511 1042 1589 apparet
1062 1524 1102 1568 ex
1124 1504 1193 1588 ipso
1214 1523 1309 1568 versu
1333 1504 1372 1569 l'l
1401 1503 1454 1568 ubi
1476 1502 1643 1589 legendum
1672 1512 1721 1572 est
1744 1504 1835 1572 Raeti
1862 1526 1994 1571 numero
2015 1503 2087 1588 plu-

252 1602 313 1671 rali
326 1602 436 1671 addita
453 1604 610 1690 particula
630 1608 703 1688 „ct“
725 1615 798 1691 post
815 1627 884 1672 voc·
908 1608 1118 1690 „garentem‘t
1145 1604 1280 1670 Bentleii
1296 1607 1380 1670 enim
1401 1607 1581 1672 coniectura
1602 1605 1755 1688 „Raetis“
1777 1606 1916 1673 absurda
1935 1607 1994 1687 cst,
2016 1624 2088 1668 cnm

252 1713 412 1791 appareat,
433 1706 491 1772 ubi
511 1708 609 1772 situm
632 1715 665 1772 et
685 1706 777 1774 sedes
799 1705 971 1772 Raetorum
996 1714 1031 1773 et
1058 1705 1293 1772 Vindelicorum
1321 1709 1506 1791 respexeris,
1533 1708 1691 1772 neminem
1717 1727 1756 1772 ex
1786 1707 1881 1774 ltalia
1907 1708 2087 1774 venientem

255 1827 327 1873 curn
347 1805 520 1873 Vindelicis
540 1828 681 1893 pugnare
701 1810 851 1894 potuisse,
875 1811 937 1873 nisi
958 1816 1054 1874 antea
1074 1807 1186 1873 Raetis
1218 1805 1335 1873 bellum
1357 1807 1511 1889 intulerit,
1538 1828 1640 1892 neque
1663 1807 1841 1876 Vindelicos
1862 1810 1999 1875 Drusum
2025 1807 2085 1873 snb

252 1906 364 1974 Raetis
385 1906 519 1993 Alpibus
541 1908 656 1975 bellum
677 1917 838 1995 gerentem
860 1908 968 1976 videre
988 1906 1020 1975 h.
1042 1930 1070 1975 e.
1093 1909 1134 1974 ab
1156 1929 1194 1974 eo
1216 1910 1302 1976 vinci
1322 1911 1474 1994 potuisse,
1501 1911 1564 1974 nisi
1590 1908 1686 1975 simrd
1715 1912 1811 1976 etiam
1838 1919 1948 1977 contra
1967 1909 2088 1975 Raetos

250 2009 409 2094 profacms
429 2008 534 2075 inerit.
568 2010 745 2094 Utrumque
766 2032 891 2076 carmen
913 2031 976 2079 nno
999 2009 1173 2093 eodemque
1190 2016 1333 2096 tempore
1353 2009 1499 2077 confecta
1519 2031 1590 2077 esse
1610 2031 1675 2076 non
1693 2010 1820 2078 dubitat
1834 2012 1888 2089 F.;
1909 2013 1977 2078 veri
1999 2012 2088 2077 simi·

249 2109 315 2177 lius
335 2123 441 2176 tamen
465 2131 536 2176 esse
557 2120 649 2196 putat
669 2112 733 2178 iam
754 2112 809 2178 fini
833 2135 862 2178 a
879 2112 941 2179 739
962 2110 1015 2177 rel
1037 2120 1121 2177 certe
1141 2112 1233 2177 initio
1255 2114 1452 2198 insequentis
1472 2133 1511 2178 ea
1533 2112 1701 2179 tribuenda
1721 2133 1803 2197 esse,
1825 2134 1897 2180 cum
1919 2111 2045 2178 illarum
2066 2131 2088 2176 a

249 2211 402 2280 fratribus
419 2211 599 2278 Neronibus
620 2220 848 2298 reportaturum
870 2213 1073 2278 victoriarum
1095 2232 1204 2278 recens
1226 2212 1330 2280 adhuc
1351 2220 1438 2279 esset
1458 2215 1619 2280 memoria.

351 2346 553 2427 nonnose)
574 2347 783 2413 Fuerstenaui
803 2345 901 2413 libelli
925 2348 1048 2413 ratione
1069 2369 1135 2413 non
1156 2346 1269 2414 habita
1289 2351 1432 2434 sequitur
1453 2348 1670 2413 Kirchnerum.

354 2483 457 2567 Atque
477 2502 539 2548 nos
549 2503 673 2568 quoque
687 2481 897 2548 Fuersteuaui
914 2480 1177 2562 dubitationibus,
1197 2490 1234 2548 nt
1249 2504 1269 2548 a
1282 2482 1446 2549 Kirclrneri
1465 2485 1626 2549 sententia
1639 2481 1861 2567 digrediamur,
1872 2501 1936 2548 non
1951 2500 2089 2546 commo·

252 2603 375 2650 vsmur.
421 2582 502 2649 Nam
525 2582 661 2650 Bentleii
683 2582 741 2650 illa
761 2586 940 2649 coniectura
962 2590 1052 2649 extra
1071 2582 1204 2650 dubium
1226 2591 1292 2658 est;
1325 2604 1420 2668 quam
1442 2585 1482 2650 ad
1505 2584 1758 2650 emendationem
1787 2591 1911 2669 praeter
1935 2581 2018 2648 alias
2040 2603 2090 2647 res

253 2683 432 2752 Bentleinm
461 2687 560 2751 etiam
583 2684 715 2751 deduxit
736 2684 903 2751 Horatiani
931 2683 997 2751 stili
1018 2682 1155 2750 indoles.
1197 2683 1372 2767 „Noveram
1395 2687 1516 2765 enim“,
1546 2685 1706 2770 inquit⁸),
1736 2684 1905 2766 „Nostrum
1927 2703 2090 2768 nunquam

252 2784 331 2852 illud
352 2786 412 2852 sub
425 2785 558 2872 Alpibus
579 2789 627 2852 sic
646 2788 791 2852 inornate
812 2797 844 2852 et
861 2786 982 2853 nudum
1001 2785 1196 2871 prolaturum
1217 2787 1347 2853 inisset
1381 2786 1437 2853 cui
1452 2788 1567 2853 rationi
1589 2785 1673 2851 male
1694 2786 1880 2852 adrematur
1894 2783 2089 2867 Kellcrus⁴),

254 2908 327 2954 curn
348 2886 522 2972 „Alpibus“
543 2889 688 2973 apposito
708 2908 773 2953 non
795 2886 938 2971 indigere
959 2907 997 2952 co
1019 2885 1223 2972 comprobare
1246 2888 1362 2969 studet,
1384 2887 1465 2974 quod
1489 2888 1610 2953 Lucani
1631 2888 1656 2967 l,
1674 2888 1737 2953 302
1755 2886 1856 2952 adfert
1879 2884 2091 2969 „Hiemesque

253 2989 314 3055 sub
333 2986 467 3074 Alpibus
485 2992 607 3054 actae“.
637 2989 727 3075 Apud
749 2989 917 3055 Horatium
936 2987 1055 3053 frustra
1071 2987 1137 3053 tale
1151 2986 1311 3072 quoddam
1330 2988 1508 3074 exemplum
1528 2989 1748 3073 indagavisset
1768 2989 1818 3053 vir
1836 2988 1957 3053 doctus.
1979 2986 2091 3052 Eidem

254 3089 434 3156 Vindelicos
455 3091 489 3156 in
509 3110 640 3156 numero
656 3089 857 3155 Raeticarum
876 3090 1020 3174 gentium
1034 3085 1185 3154 habuisse
1199 3089 1364 3155 Horatium
1384 3088 1556 3154 verisimile
1576 3089 1702 3154 videtur
1723 3109 1793 3154 esse
1806 3096 1840 3154 et
1856 3088 1916 3154 hac
1932 3087 1972 3152 de
1994 3107 2092 3151 cansa

255 3190 373 3276 placet:
396 3190 529 3274 „Videre
539 3191 632 3257 Raeti
650 3188 734 3255 bella
748 3191 808 3255 sub
827 3191 960 3276 Alpibus
971 3189 1110 3255 Drusum
1129 3199 1291 3275 gerentem
1303 3189 1487 3256 Vindelici“.
1516 3194 1560 3256 At
1570 3190 1731 3255 Romanos
1749 3188 1875 3255 Horatii
1895 3187 2091 3274 temporibus

256 3291 366 3358 multis
387 3292 620 3358 incursionibus
641 3290 768 3357 illarum
798 3294 941 3376 gentium
968 3290 1063 3356 iactis
1085 3298 1118 3356 et
1138 3290 1265 3376 proeliis
1286 3293 1464 3357 commissis
1486 3294 1569 3356 inter
1588 3290 1751 3356 Romanos
1780 3299 1813 3356 et
1833 3288 2014 3355 Vindelicos
2035 3310 2091 3373 op-

257 3396 334 3460 time
356 3393 541 3459 distinxisse
554 3391 801 3458 Middendorfius
812 3395 843 3476 ὅ)
866 3393 957 3460 docet
971 3392 1185 3477 compluribus
1199 3392 1278 3458 locis
1302 3392 1408 3459 allatis
1429 3391 1545 3479 quibus
1560 3391 1675 3458 Strabo
1690 3391 1814 3456 Horatii
1829 3390 1973 3475 aequalis
1993 3392 2091 3455 iuter·

256 3496 361 3560 noscit
393 3496 476 3560 inter
509 3494 630 3575 Raetos
663 3502 695 3560 et
723 3493 901 3559 Vindelicos
933 3503 965 3560 et
996 3501 1107 3579 gentes
1141 3501 1307 3559 enumerat
1331 3492 1487 3559 alteriutri
1518 3492 1628 3559 horum
1658 3491 1844 3578 populorum
1873 3490 2092 3557 attribuendas

257 3595 378 3677 (Strab.
410 3595 462 3678 lV,
491 3597 523 3675 6,
552 3597 583 3663 8.
612 3593 682 3676 Vll,
711 3595 739 3677 1,
761 3595 792 3661 5.
822 3595 874 3679 lV,
896 3596 926 3670 3,
957 3596 988 3661 3.
1017 3594 1138 3677 Vll,5,
1162 3596 1206 3675 1).
1253 3595 1340 3659 Idem
1368 3593 1615 3660 Hiddendoriins
1642 3595 1878 3659 accuratissime
1905 3611 2092 3675 comparans

257 3718 340 3782 qnae
362 3696 402 3762 de
424 3717 461 3763 eo
485 3695 568 3761 bello
590 3695 787 3762 tradiderunt
808 3698 976 3781 scriptores
997 3702 1122 3760 veteres
1145 3715 1216 3760 cum
1238 3695 1363 3761 illarum
1386 3697 1527 3780 gentium
1549 3695 1679 3760 sedibus
1694 3695 1852 3780 quomodo
1873 3694 1942 3761 fieri
1956 3694 2094 3778 potuerit

258 3796 407 3879 ostendit,
429 3806 467 3862 ut
488 3796 547 3862 sub
569 3796 681 3863 Raetia
701 3797 833 3883 Alpibus
854 3796 1006 3863 Vindelici
1029 3797 1240 3879 vincerentur,
1262 3799 1363 3862 etita
1384 3816 1492 3861 eorum
1515 3798 1693 3861 sententias
1714 3794 1876 3878 refutavit,
1900 3797 1953 3880 qui
1976 3797 2036 3860 hac
2056 3795 2090 3857 in

258 3921 292 3965 re
328 3897 506 3981 offendunt,
535 3898 744 3964 Fncrstcnani
773 3901 828 3983 qui
857 3920 895 3964 ex
924 3899 1065 3983 gentium
1098 3897 1283 3983 Alpinarum
1314 3901 1379 3962 situ
1410 3896 1598 3963 contendere
1628 3895 1736 3962 studet
1764 3918 1830 3962 rem
1858 3899 1905 3962 ita
1937 3914 2008 3961 sese
2034 3892 2093 3958 ba·

257 4000 331 4066 bere
353 4020 416 4066 non
439 4002 595 4085 potuisse,
622 4008 661 4065 ut
680 3999 833 4066 Horatius
855 4000 971 4079 tradat,
998 4000 1109 4083 etqui
1138 4000 1171 4062 in
1193 3997 1332 4065 editione
1354 3996 1479 4063 Horatii
1501 3998 1676 4063 carminum
1705 4017 1806 4081 nuper
1828 3996 1980 4082 evulgata
2000 4016 2091 4080 prae·

261 4103 386 4187 cipuam
420 4103 595 4167 carminum
635 4101 827 4186 temporibus
865 4100 1066 4169 stabiliendis
1101 4120 1228 4185 operam
1260 4099 1317 4167 dat
1351 4098 1519 4166 Schuetzii.
1589 4098 1649 4180 Qui
1684 4119 1724 4164 ea
1752 4097 1792 4164 de
1826 4118 1924 4163 causa
1957 4095 2091 4161 Bentleii

317 4424 342 4489 ¹)
359 4421 386 4477 d.
403 4435 426 4476 c.
444 4420 480 4476 sl.
499 4422 533 4475 Η.
551 4421 609 4477 chr.
625 4437 653 4491 p.
669 4421 705 4478 RS
722 4426 751 4476 et
769 4436 827 4491 sqq.

314 4509 339 4572 ⁸)
358 4505 434 4562 Fsst
451 4505 519 4561 Hor.
538 4520 564 4574 p.
581 4506 634 4562 210
650 4520 711 4575 sqq.

313 4595 339 4658 ⁸)
357 4591 380 4657 1,
397 4590 457 4646 240.

314 4678 340 4745 ⁴)
358 4675 560 4744 Rpllegomens
579 4675 602 4738 1,
619 4675 678 4731 308.

313 4764 340 4830 ⁸)
359 4747 435 4818 iiber
453 4758 546 4828 sinige
563 4758 670 4817 Stollcn
687 4760 717 4816 iu
735 4759 877 4817 Horanena
895 4759 973 4816 Odon
991 4758 1049 4814 und
1066 4758 1218 4816 besonders
1235 4759 1306 4817 uber
1322 4759 1368 4817 dis
1388 4761 1413 4816 4.
1431 4759 1489 4816 und
1512 4760 1553 4816 14.
1571 4758 1630 4815 Ode
1647 4757 1697 4813 des
1714 4757 1740 4812 4.
1758 4755 1869 4813 Buches
1886 4755 1917 4815 in
1933 4756 2097 4826 Beaiehuug

359 4843 412 4901 sui
427 4841 482 4902 den
499 4842 843 4903 vinnandona-rariacum
855 4844 954 4914 Kricg.
983 4844 1081 4914 Progr.
1099 4843 1149 4900 des
1161 4843 1228 4914 Kgl.
1240 4845 1435 4915 paulinisohen
1446 4844 1577 4914 Gymnas
1594 4842 1624 4900 in
1641 4841 1770 4900 Rdastcr
1786 4840 1955 4977 wilm
1972 4858 1999 4914 p.
2010 4844 2028 4900 9
2038 4857 2098 4911 sqq.
