<?xml version="1.0" encoding="UTF-8"?>
<!DOCTYPE html PUBLIC "-//W3C//DTD XHTML 1.0 Transitional//EN"
    "http://www.w3.org/TR/xhtml1/DTD/xhtml1-transitional.dtd">
<html xmlns="http://www.w3.org/1999/xhtml" xml:lang="en" lang="en">
 <head>
  <title>
</title>
<meta http-equiv="Content-Type" content="text/html;charset=utf-8" />
  <meta name='ocr-system' content='tesseract 3.04.00' />
  <meta name='ocr-capabilities' content='ocr_page ocr_carea ocr_par ocr_line ocrx_word'/>
</head>
<body>
  <div class='ocr_page' id='page_1' title='image "./quaestioneschro00thusgoog_0025.png"; bbox 0 0 4450 5475; ppageno 0'>
   <div class='ocr_carea' id='block_1_1' title="bbox 1101 301 1153 372">
    <p class='ocr_par' dir='ltr' id='par_1_1' title="bbox 1101 301 1153 372">
     <span class='ocr_line' id='line_1_1' title="bbox 1101 301 1153 372; baseline 0.019 -1"><span class='ocrx_word' id='word_1_1' title='bbox 1101 301 1153 372; x_wconf 85' lang='grc'>19</span> 
     </span>
    </p>
   </div>
   <div class='ocr_carea' id='block_1_2' title="bbox 206 510 2042 1596">
    <p class='ocr_par' dir='ltr' id='par_1_2' title="bbox 206 510 2042 1209">
     <span class='ocr_line' id='line_1_2' title="bbox 308 510 2042 600; baseline 0 -22"><span class='ocrx_word' id='word_1_2' title='bbox 308 511 381 579; x_wconf 88' lang='lat' dir='ltr'>Jam</span> <span class='ocrx_word' id='word_1_3' title='bbox 402 511 589 579; x_wconf 74' lang='lat' dir='ltr'>elisionibus</span> <span class='ocrx_word' id='word_1_4' title='bbox 609 513 776 599; x_wconf 86' lang='lat' dir='ltr'>longarum</span> <span class='ocrx_word' id='word_1_5' title='bbox 798 512 991 595; x_wconf 75' lang='lat' dir='ltr'><strong>syllabarum</strong></span> <span class='ocrx_word' id='word_1_6' title='bbox 1012 514 1195 581; x_wconf 82' lang='lat' dir='ltr'>ultimarum</span> <span class='ocrx_word' id='word_1_7' title='bbox 1222 521 1298 581; x_wconf 88' lang='lat' dir='ltr'>ante</span> <span class='ocrx_word' id='word_1_8' title='bbox 1325 512 1453 600; x_wconf 89' lang='lat' dir='ltr'>longam</span> <span class='ocrx_word' id='word_1_9' title='bbox 1483 533 1673 599; x_wconf 85' lang='lat' dir='ltr'>quamquam</span> <span class='ocrx_word' id='word_1_10' title='bbox 1695 532 1758 578; x_wconf 91' lang='lat' dir='ltr'>uon</span> <span class='ocrx_word' id='word_1_11' title='bbox 1781 510 1935 579; x_wconf 73' lang='lat' dir='ltr'>abstinuit</span> <span class='ocrx_word' id='word_1_12' title='bbox 1955 535 2042 599; x_wconf 89' lang='lat' dir='ltr'>pror-</span> 
     </span>
     <span class='ocr_line' id='line_1_3' title="bbox 208 612 2040 702; baseline 0.002 -23"><span class='ocrx_word' id='word_1_13' title='bbox 208 634 264 680; x_wconf 88' lang='lat' dir='ltr'>sus</span> <span class='ocrx_word' id='word_1_14' title='bbox 284 614 319 679; x_wconf 92' lang='lat' dir='ltr'>in</span> <span class='ocrx_word' id='word_1_15' title='bbox 339 613 420 680; x_wconf 88' lang='lat' dir='ltr'>libro</span> <span class='ocrx_word' id='word_1_16' title='bbox 442 622 566 699; x_wconf 88' lang='lat' dir='ltr'>quarto,</span> <span class='ocrx_word' id='word_1_17' title='bbox 589 622 695 680; x_wconf 89' lang='lat' dir='ltr'>tomen</span> <span class='ocrx_word' id='word_1_18' title='bbox 718 615 818 682; x_wconf 87' lang='lat' dir='ltr'>molto</span> <span class='ocrx_word' id='word_1_19' title='bbox 840 618 944 683; x_wconf 89' lang='lat' dir='ltr'>rarius</span> <span class='ocrx_word' id='word_1_20' title='bbox 963 637 1042 683; x_wconf 89' lang='lat' dir='ltr'>usus</span> <span class='ocrx_word' id='word_1_21' title='bbox 1064 625 1113 682; x_wconf 88' lang='lat' dir='ltr'>ost</span> <span class='ocrx_word' id='word_1_22' title='bbox 1135 638 1228 702; x_wconf 91' lang='lat' dir='ltr'>quam</span> <span class='ocrx_word' id='word_1_23' title='bbox 1251 617 1284 682; x_wconf 93' lang='lat' dir='ltr'>in</span> <span class='ocrx_word' id='word_1_24' title='bbox 1307 617 1420 681; x_wconf 88' lang='lat' dir='ltr'>ceteris</span> <span class='ocrx_word' id='word_1_25' title='bbox 1442 623 1476 680; x_wconf 90' lang='lat' dir='ltr'>et</span> <span class='ocrx_word' id='word_1_26' title='bbox 1496 616 1635 680; x_wconf 90' lang='lat' dir='ltr'>maxime</span> <span class='ocrx_word' id='word_1_27' title='bbox 1660 615 1694 679; x_wconf 91' lang='lat' dir='ltr'>iu</span> <span class='ocrx_word' id='word_1_28' title='bbox 1717 615 1810 679; x_wconf 87' lang='lat' dir='ltr'>tertio</span> <span class='ocrx_word' id='word_1_29' title='bbox 1833 612 1923 680; x_wconf 91' lang='lat' dir='ltr'>libro.</span> <span class='ocrx_word' id='word_1_30' title='bbox 1968 615 2040 697; x_wconf 82' lang='lat' dir='ltr'>Syl-</span> 
     </span>
     <span class='ocr_line' id='line_1_4' title="bbox 206 712 2039 802; baseline 0.002 -22"><span class='ocrx_word' id='word_1_31' title='bbox 206 712 283 780; x_wconf 83' lang='lat' dir='ltr'>laba</span> <span class='ocrx_word' id='word_1_32' title='bbox 301 716 394 796; x_wconf 87' lang='lat' dir='ltr'>,‚em“</span> <span class='ocrx_word' id='word_1_33' title='bbox 415 735 493 781; x_wconf 84' lang='lat' dir='ltr'>vero</span> <span class='ocrx_word' id='word_1_34' title='bbox 507 736 572 800; x_wconf 91' lang='lat' dir='ltr'>qua</span> <span class='ocrx_word' id='word_1_35' title='bbox 592 717 624 781; x_wconf 90' lang='lat' dir='ltr'>in</span> <span class='ocrx_word' id='word_1_36' title='bbox 639 717 740 801; x_wconf 90' lang='lat' dir='ltr'>primo</span> <span class='ocrx_word' id='word_1_37' title='bbox 755 715 834 783; x_wconf 89' lang='lat' dir='ltr'>libro</span> <span class='ocrx_word' id='word_1_38' title='bbox 858 726 905 783; x_wconf 89' lang='lat' dir='ltr'>ter</span> <span class='ocrx_word' id='word_1_39' title='bbox 926 717 1030 784; x_wconf 87' lang='lat' dir='ltr'>decies</span> <span class='ocrx_word' id='word_1_40' title='bbox 1052 720 1085 783; x_wconf 95' lang='lat' dir='ltr'>in</span> <span class='ocrx_word' id='word_1_41' title='bbox 1099 716 1201 785; x_wconf 86' lang='lat' dir='ltr'>altero</span> <span class='ocrx_word' id='word_1_42' title='bbox 1223 717 1340 802; x_wconf 84' lang='lat' dir='ltr'>septies</span> <span class='ocrx_word' id='word_1_43' title='bbox 1356 717 1389 782; x_wconf 92' lang='lat' dir='ltr'>in</span> <span class='ocrx_word' id='word_1_44' title='bbox 1411 718 1504 782; x_wconf 84' lang='lat' dir='ltr'>tertio</span> <span class='ocrx_word' id='word_1_45' title='bbox 1526 715 1690 781; x_wconf 87' lang='lat' dir='ltr'>terdecies</span> <span class='ocrx_word' id='word_1_46' title='bbox 1712 717 1799 801; x_wconf 90' lang='lat' dir='ltr'>prius</span> <span class='ocrx_word' id='word_1_47' title='bbox 1813 716 2039 783; x_wconf 82' lang='lat' dir='ltr'>vocabulorum</span> 
     </span>
     <span class='ocr_line' id='line_1_5' title="bbox 207 813 2040 904; baseline 0.002 -23"><span class='ocrx_word' id='word_1_48' title='bbox 207 813 341 881; x_wconf 87' lang='lat' dir='ltr'>elisione</span> <span class='ocrx_word' id='word_1_49' title='bbox 361 815 578 901; x_wconf 88' lang='lat' dir='ltr'>copulatorum</span> <span class='ocrx_word' id='word_1_50' title='bbox 599 815 725 882; x_wconf 87' lang='lat' dir='ltr'>finitum</span> <span class='ocrx_word' id='word_1_51' title='bbox 746 817 913 884; x_wconf 83' lang='lat' dir='ltr'>videamus</span> <span class='ocrx_word' id='word_1_52' title='bbox 934 840 1005 885; x_wconf 91' lang='lat' dir='ltr'>cnm</span> <span class='ocrx_word' id='word_1_53' title='bbox 1027 821 1059 885; x_wconf 89' lang='lat' dir='ltr'>in</span> <span class='ocrx_word' id='word_1_54' title='bbox 1082 827 1195 904; x_wconf 90' lang='lat' dir='ltr'>quarto</span> <span class='ocrx_word' id='word_1_55' title='bbox 1217 818 1298 884; x_wconf 93' lang='lat' dir='ltr'>libro</span> <span class='ocrx_word' id='word_1_56' title='bbox 1320 838 1477 903; x_wconf 80' lang='lat' dir='ltr'>nusquam</span> <span class='ocrx_word' id='word_1_57' title='bbox 1499 819 1547 882; x_wconf 89' lang='lat' dir='ltr'>ita</span> <span class='ocrx_word' id='word_1_58' title='bbox 1567 819 1672 901; x_wconf 90' lang='lat' dir='ltr'>posita</span> <span class='ocrx_word' id='word_1_59' title='bbox 1693 821 1746 900; x_wconf 87' lang='lat' dir='ltr'>sit,</span> <span class='ocrx_word' id='word_1_60' title='bbox 1768 839 1832 883; x_wconf 90' lang='lat' dir='ltr'>nou</span> <span class='ocrx_word' id='word_1_61' title='bbox 1855 818 2040 885; x_wconf 75' lang='lat' dir='ltr'>adducimur</span> 
     </span>
     <span class='ocr_line' id='line_1_6' title="bbox 207 916 2040 1005; baseline 0.002 -24"><span class='ocrx_word' id='word_1_62' title='bbox 207 923 244 982; x_wconf 92' lang='lat' dir='ltr'>nt</span> <span class='ocrx_word' id='word_1_63' title='bbox 264 937 385 983; x_wconf 84' lang='lat' dir='ltr'>novum</span> <span class='ocrx_word' id='word_1_64' title='bbox 401 916 463 984; x_wconf 87' lang='lat' dir='ltr'>boc</span> <span class='ocrx_word' id='word_1_65' title='bbox 480 916 740 1004; x_wconf 81' lang='lat' dir='ltr'>genusolisionis</span> <span class='ocrx_word' id='word_1_66' title='bbox 757 920 790 984; x_wconf 93' lang='lat' dir='ltr'>in</span> <span class='ocrx_word' id='word_1_67' title='bbox 812 927 960 1004; x_wconf 76' lang='lat' dir='ltr'>quartum</span> <span class='ocrx_word' id='word_1_68' title='bbox 977 920 1093 986; x_wconf 90' lang='lat' dir='ltr'>librum</span> <span class='ocrx_word' id='word_1_69' title='bbox 1110 920 1320 987; x_wconf 86' lang='lat' dir='ltr'>inducendum</span> <span class='ocrx_word' id='word_1_70' title='bbox 1335 940 1407 985; x_wconf 87' lang='lat' dir='ltr'>esse</span> <span class='ocrx_word' id='word_1_71' title='bbox 1427 938 1624 1000; x_wconf 87' lang='lat' dir='ltr'>censeamus,</span> <span class='ocrx_word' id='word_1_72' title='bbox 1639 926 1769 1005; x_wconf 88' lang='lat' dir='ltr'>accepta</span> <span class='ocrx_word' id='word_1_73' title='bbox 1790 940 1884 1004; x_wconf 90' lang='lat' dir='ltr'>quam</span> <span class='ocrx_word' id='word_1_74' title='bbox 1907 919 1968 985; x_wconf 89' lang='lat' dir='ltr'>duo</span> <span class='ocrx_word' id='word_1_75' title='bbox 1988 939 2040 985; x_wconf 92' lang='lat' dir='ltr'>co-</span> 
     </span>
     <span class='ocr_line' id='line_1_7' title="bbox 208 1008 2040 1107; baseline 0.003 -26"><span class='ocrx_word' id='word_1_76' title='bbox 208 1008 295 1083; x_wconf 74' lang='lat' dir='ltr'>dices</span> <span class='ocrx_word' id='word_1_77' title='bbox 315 1017 492 1085; x_wconf 71' lang='lat' dir='ltr'>duodecimi</span> <span class='ocrx_word' id='word_1_78' title='bbox 514 1027 545 1085; x_wconf 91' lang='lat' dir='ltr'>st</span> <span class='ocrx_word' id='word_1_79' title='bbox 566 1021 653 1085; x_wconf 88' lang='lat' dir='ltr'>tertii</span> <span class='ocrx_word' id='word_1_80' title='bbox 674 1018 786 1085; x_wconf 73' lang='lat' dir='ltr'>dammi</span> <span class='ocrx_word' id='word_1_81' title='bbox 809 1021 924 1087; x_wconf 89' lang='lat' dir='ltr'>saeculi</span> <span class='ocrx_word' id='word_1_82' title='bbox 948 1043 968 1105; x_wconf 94' lang='lat' dir='ltr'>q</span> <span class='ocrx_word' id='word_1_83' title='bbox 990 1030 1023 1086; x_wconf 91' lang='lat' dir='ltr'>et</span> <span class='ocrx_word' id='word_1_84' title='bbox 1043 1043 1066 1087; x_wconf 86' lang='lat' dir='ltr'><strong>v</strong></span> <span class='ocrx_word' id='word_1_85' title='bbox 1087 1021 1255 1107; x_wconf 86' lang='lat' dir='ltr'>perbibent</span> <span class='ocrx_word' id='word_1_86' title='bbox 1268 1022 1442 1104; x_wconf 69' lang='lat' dir='ltr'>lectionel)</span> <span class='ocrx_word' id='word_1_87' title='bbox 1463 1020 1597 1105; x_wconf 86' lang='lat' dir='ltr'>probata</span> <span class='ocrx_word' id='word_1_88' title='bbox 1618 1019 1674 1086; x_wconf 88' lang='lat' dir='ltr'>ills</span> <span class='ocrx_word' id='word_1_89' title='bbox 1694 1019 1820 1106; x_wconf 88' lang='lat' dir='ltr'>quidem</span> <span class='ocrx_word' id='word_1_90' title='bbox 1842 1018 2040 1086; x_wconf 83' lang='lat' dir='ltr'>aSclruetzio</span> 
     </span>
     <span class='ocr_line' id='line_1_8' title="bbox 209 1120 1941 1209; baseline 0.003 -26"><span class='ocrx_word' id='word_1_91' title='bbox 209 1125 364 1205; x_wconf 87' lang='lat' dir='ltr'>utsupra</span> <span class='ocrx_word' id='word_1_92' title='bbox 384 1122 718 1187; x_wconf 71' lang='lat' dir='ltr'>commemoravimus:</span> <span class='ocrx_word' id='word_1_93' title='bbox 750 1121 885 1203; x_wconf 84' lang='lat' dir='ltr'>„Videre</span> <span class='ocrx_word' id='word_1_94' title='bbox 904 1123 998 1189; x_wconf 86' lang='lat' dir='ltr'>Raeti</span> <span class='ocrx_word' id='word_1_95' title='bbox 1021 1122 1105 1189; x_wconf 88' lang='lat' dir='ltr'>bella</span> <span class='ocrx_word' id='word_1_96' title='bbox 1126 1124 1186 1189; x_wconf 88' lang='lat' dir='ltr'>sub</span> <span class='ocrx_word' id='word_1_97' title='bbox 1207 1122 1341 1209; x_wconf 77' lang='lat' dir='ltr'>Alpibus</span> <span class='ocrx_word' id='word_1_98' title='bbox 1363 1122 1499 1188; x_wconf 85' lang='lat' dir='ltr'>Drusum</span> <span class='ocrx_word' id='word_1_99' title='bbox 1520 1129 1681 1206; x_wconf 91' lang='lat' dir='ltr'>gerentem</span> <span class='ocrx_word' id='word_1_100' title='bbox 1704 1128 1737 1186; x_wconf 90' lang='lat' dir='ltr'>et</span> <span class='ocrx_word' id='word_1_101' title='bbox 1757 1120 1941 1188; x_wconf 77' lang='lat' dir='ltr'>Vindelici‘.</span> 
     </span>
    </p>

    <p class='ocr_par' dir='ltr' id='par_1_3' title="bbox 209 1219 2040 1596">
     <span class='ocr_line' id='line_1_9' title="bbox 312 1219 2039 1310; baseline 0.001 -24"><span class='ocrx_word' id='word_1_102' title='bbox 312 1219 456 1306; x_wconf 90' lang='lat' dir='ltr'>Denique</span> <span class='ocrx_word' id='word_1_103' title='bbox 470 1221 552 1306; x_wconf 92' lang='lat' dir='ltr'>quod</span> <span class='ocrx_word' id='word_1_104' title='bbox 567 1220 724 1288; x_wconf 80' lang='lat' dir='ltr'>vocabula</span> <span class='ocrx_word' id='word_1_105' title='bbox 745 1244 826 1308; x_wconf 84' lang='lat' dir='ltr'>„que</span> <span class='ocrx_word' id='word_1_106' title='bbox 848 1226 900 1288; x_wconf 88' lang='lat' dir='ltr'>et“</span> <span class='ocrx_word' id='word_1_107' title='bbox 921 1223 955 1288; x_wconf 95' lang='lat' dir='ltr'>in</span> <span class='ocrx_word' id='word_1_108' title='bbox 976 1224 1040 1292; x_wconf 88' lang='grc'>610</span> <span class='ocrx_word' id='word_1_109' title='bbox 1056 1225 1200 1291; x_wconf 87' lang='lat' dir='ltr'>versibus</span> <span class='ocrx_word' id='word_1_110' title='bbox 1215 1226 1319 1310; x_wconf 87' lang='lat' dir='ltr'>quarti</span> <span class='ocrx_word' id='word_1_111' title='bbox 1336 1221 1409 1288; x_wconf 91' lang='lat' dir='ltr'>libri</span> <span class='ocrx_word' id='word_1_112' title='bbox 1431 1221 1607 1305; x_wconf 87' lang='lat' dir='ltr'>terdecies,</span> <span class='ocrx_word' id='word_1_113' title='bbox 1629 1221 1924 1290; x_wconf 80' lang='grc'><strong>11245211111011</strong></span> <span class='ocrx_word' id='word_1_114' title='bbox 1945 1223 2039 1288; x_wconf 86' lang='lat' dir='ltr'>trium</span> 
     </span>
     <span class='ocr_line' id='line_1_10' title="bbox 209 1320 2040 1411; baseline 0.002 -25"><span class='ocrx_word' id='word_1_115' title='bbox 209 1322 350 1407; x_wconf 81' lang='lat' dir='ltr'>priorum</span> <span class='ocrx_word' id='word_1_116' title='bbox 376 1320 525 1387; x_wconf 89' lang='lat' dir='ltr'>librorum</span> <span class='ocrx_word' id='word_1_117' title='bbox 553 1323 657 1389; x_wconf 81' lang='lat' dir='ltr'>sexies</span> <span class='ocrx_word' id='word_1_118' title='bbox 686 1323 818 1390; x_wconf 89' lang='lat' dir='ltr'>elisione</span> <span class='ocrx_word' id='word_1_119' title='bbox 845 1324 1044 1411; x_wconf 86' lang='lat' dir='ltr'>copulantur,</span> <span class='ocrx_word' id='word_1_120' title='bbox 1072 1325 1239 1392; x_wconf 84' lang='lat' dir='ltr'>Horatium</span> <span class='ocrx_word' id='word_1_121' title='bbox 1266 1325 1339 1391; x_wconf 87' lang='lat' dir='ltr'>huie</span> <span class='ocrx_word' id='word_1_122' title='bbox 1367 1323 1492 1390; x_wconf 88' lang='lat' dir='ltr'>elisioni</span> <span class='ocrx_word' id='word_1_123' title='bbox 1513 1344 1596 1409; x_wconf 90' lang='lat' dir='ltr'>quae</span> <span class='ocrx_word' id='word_1_124' title='bbox 1616 1325 1699 1388; x_wconf 88' lang='lat' dir='ltr'>inter</span> <span class='ocrx_word' id='word_1_125' title='bbox 1720 1343 1831 1389; x_wconf 87' lang='lat' dir='ltr'>omnes</span> <span class='ocrx_word' id='word_1_126' title='bbox 1853 1324 1922 1387; x_wconf 90' lang='lat' dir='ltr'>sine</span> <span class='ocrx_word' id='word_1_127' title='bbox 1944 1323 2040 1389; x_wconf 90' lang='lat' dir='ltr'>dubio</span> 
     </span>
     <span class='ocr_line' id='line_1_11' title="bbox 209 1421 2038 1511; baseline 0.002 -24"><span class='ocrx_word' id='word_1_128' title='bbox 209 1423 373 1488; x_wconf 91' lang='lat' dir='ltr'>minimum</span> <span class='ocrx_word' id='word_1_129' title='bbox 395 1423 578 1488; x_wconf 86' lang='lat' dir='ltr'>offensionis</span> <span class='ocrx_word' id='word_1_130' title='bbox 599 1421 717 1490; x_wconf 88' lang='lat' dir='ltr'>habeat</span> <span class='ocrx_word' id='word_1_131' title='bbox 739 1433 863 1510; x_wconf 88' lang='lat' dir='ltr'>praeter</span> <span class='ocrx_word' id='word_1_132' title='bbox 885 1434 1005 1493; x_wconf 85' lang='lat' dir='ltr'>ceteras</span> <span class='ocrx_word' id='word_1_133' title='bbox 1026 1428 1187 1494; x_wconf 84' lang='lat' dir='ltr'>studuisse</span> <span class='ocrx_word' id='word_1_134' title='bbox 1207 1429 1240 1493; x_wconf 92' lang='lat' dir='ltr'>in</span> <span class='ocrx_word' id='word_1_135' title='bbox 1262 1447 1300 1493; x_wconf 88' lang='lat' dir='ltr'>eo</span> <span class='ocrx_word' id='word_1_136' title='bbox 1322 1426 1403 1492; x_wconf 90' lang='lat' dir='ltr'>libro</span> <span class='ocrx_word' id='word_1_137' title='bbox 1425 1425 1459 1490; x_wconf 93' lang='lat' dir='ltr'>in</span> <span class='ocrx_word' id='word_1_138' title='bbox 1480 1445 1542 1511; x_wconf 90' lang='lat' dir='ltr'>quo</span> <span class='ocrx_word' id='word_1_139' title='bbox 1564 1423 1714 1490; x_wconf 81' lang='lat' dir='ltr'>elisiones</span> <span class='ocrx_word' id='word_1_140' title='bbox 1736 1425 1875 1490; x_wconf 81' lang='lat' dir='ltr'>maxime</span> <span class='ocrx_word' id='word_1_141' title='bbox 1895 1427 2038 1490; x_wconf 86' lang='lat' dir='ltr'>vitantur</span> 
     </span>
     <span class='ocr_line' id='line_1_12' title="bbox 210 1528 575 1596; baseline 0.005 -8"><span class='ocrx_word' id='word_1_142' title='bbox 210 1531 456 1589; x_wconf 86' lang='lat' dir='ltr'>consentaneum</span> <span class='ocrx_word' id='word_1_143' title='bbox 478 1528 575 1596; x_wconf 59' lang='lat' dir='ltr'>esti).</span> 
     </span>
    </p>
   </div>
   <div class='ocr_carea' id='block_1_3' title="bbox 313 1624 2035 1713">
    <p class='ocr_par' dir='ltr' id='par_1_4' title="bbox 313 1624 2035 1713">
     <span class='ocr_line' id='line_1_13' title="bbox 313 1624 2035 1713; baseline 0 -21"><span class='ocrx_word' id='word_1_144' title='bbox 313 1624 533 1707; x_wconf 76' lang='lat' dir='ltr'>Monosyllaba</span> <span class='ocrx_word' id='word_1_145' title='bbox 558 1627 591 1692; x_wconf 94' lang='lat' dir='ltr'>in</span> <span class='ocrx_word' id='word_1_146' title='bbox 618 1634 730 1713; x_wconf 87' lang='lat' dir='ltr'>quarto</span> <span class='ocrx_word' id='word_1_147' title='bbox 759 1630 933 1694; x_wconf 86' lang='lat' dir='ltr'>carminum</span> <span class='ocrx_word' id='word_1_148' title='bbox 960 1627 1041 1697; x_wconf 87' lang='lat' dir='ltr'>libro</span> <span class='ocrx_word' id='word_1_149' title='bbox 1071 1629 1225 1697; x_wconf 88' lang='lat' dir='ltr'>Horatius</span> <span class='ocrx_word' id='word_1_150' title='bbox 1251 1649 1407 1713; x_wconf 86' lang='lat' dir='ltr'>nusquam</span> <span class='ocrx_word' id='word_1_151' title='bbox 1430 1627 1529 1709; x_wconf 89' lang='lat' dir='ltr'>elisit,</span> <span class='ocrx_word' id='word_1_152' title='bbox 1559 1628 1651 1709; x_wconf 87' lang='lat' dir='ltr'>‚,me“</span> <span class='ocrx_word' id='word_1_153' title='bbox 1673 1633 1705 1691; x_wconf 92' lang='lat' dir='ltr'>et</span> <span class='ocrx_word' id='word_1_154' title='bbox 1728 1627 1802 1708; x_wconf 86' lang='lat' dir='ltr'>„te“</span> <span class='ocrx_word' id='word_1_155' title='bbox 1824 1627 1858 1692; x_wconf 90' lang='lat' dir='ltr'>in</span> <span class='ocrx_word' id='word_1_156' title='bbox 1880 1626 2035 1712; x_wconf 88' lang='lat' dir='ltr'>prioribus</span> 
     </span>
    </p>
   </div>
   <div class='ocr_carea' id='block_1_4' title="bbox 211 1725 2035 2087">
    <p class='ocr_par' dir='ltr' id='par_1_5' title="bbox 211 1725 2035 2087">
     <span class='ocr_line' id='line_1_14' title="bbox 211 1725 1957 1882; baseline 0.002 -20"><span class='ocrx_word' id='word_1_157' title='bbox 211 1725 372 1793; x_wconf 48' lang='lat' dir='ltr'>mmm</span> <span class='ocrx_word' id='word_1_158' title='bbox 718 1875 721 1882; x_wconf 17' lang='grc' dir='ltr'>Ι</span> <span class='ocrx_word' id='word_1_159' title='bbox 865 1796 1381 1882; x_wconf 56' lang='lat' dir='ltr'>rmmrnmamq</span> <span class='ocrx_word' id='word_1_160' title='bbox 1955 1851 1957 1854; x_wconf 62' lang='grc'>,</span> 
     </span>
     <span class='ocr_line' id='line_1_15' title="bbox 211 1893 2035 1984; baseline -0.001 -22"><span class='ocrx_word' id='word_1_161' title='bbox 211 1895 344 1962; x_wconf 78' lang='lat' dir='ltr'>Nonnisi</span> <span class='ocrx_word' id='word_1_162' title='bbox 365 1897 399 1960; x_wconf 93' lang='lat' dir='ltr'>iu</span> <span class='ocrx_word' id='word_1_163' title='bbox 420 1894 565 1982; x_wconf 87' lang='lat' dir='ltr'>legitima</span> <span class='ocrx_word' id='word_1_164' title='bbox 586 1917 717 1962; x_wconf 88' lang='lat' dir='ltr'>caesura</span> <span class='ocrx_word' id='word_1_165' title='bbox 737 1896 790 1963; x_wconf 86' lang='lat' dir='ltr'>vel</span> <span class='ocrx_word' id='word_1_166' title='bbox 810 1905 885 1963; x_wconf 83' lang='lat' dir='ltr'>anie</span> <span class='ocrx_word' id='word_1_167' title='bbox 906 1897 1063 1964; x_wconf 83' lang='lat' dir='ltr'>vocabula</span> <span class='ocrx_word' id='word_1_168' title='bbox 1082 1921 1197 1984; x_wconf 82' lang='lat' dir='ltr'>graeca</span> <span class='ocrx_word' id='word_1_169' title='bbox 1218 1900 1329 1965; x_wconf 87' lang='lat' dir='ltr'>breves</span> <span class='ocrx_word' id='word_1_170' title='bbox 1348 1897 1461 1967; x_wconf 87' lang='lat' dir='ltr'>finales</span> <span class='ocrx_word' id='word_1_171' title='bbox 1482 1899 1514 1962; x_wconf 88' lang='lat' dir='ltr'>in</span> <span class='ocrx_word' id='word_1_172' title='bbox 1537 1904 1551 1961; x_wconf 90' lang='lat' dir='ltr'>t</span> <span class='ocrx_word' id='word_1_173' title='bbox 1570 1893 1710 1960; x_wconf 89' lang='lat' dir='ltr'>litteram</span> <span class='ocrx_word' id='word_1_174' title='bbox 1732 1902 1884 1961; x_wconf 84' lang='lat' dir='ltr'>exerrutss</span> <span class='ocrx_word' id='word_1_175' title='bbox 1906 1894 2035 1980; x_wconf 82' lang='lat' dir='ltr'>produci</span> 
     </span>
     <span class='ocr_line' id='line_1_16' title="bbox 211 1995 1887 2087; baseline -0.004 -22"><span class='ocrx_word' id='word_1_176' title='bbox 211 1996 296 2084; x_wconf 81' lang='lat' dir='ltr'>apud</span> <span class='ocrx_word' id='word_1_177' title='bbox 317 1996 485 2064; x_wconf 87' lang='lat' dir='ltr'>Horatium</span> <span class='ocrx_word' id='word_1_178' title='bbox 507 1998 600 2068; x_wconf 86' lang='lat' dir='ltr'>docet</span> <span class='ocrx_word' id='word_1_179' title='bbox 618 1996 893 2084; x_wconf 63' lang='lat' dir='ltr'>Lachmaunusi).</span> <span class='ocrx_word' id='word_1_180' title='bbox 935 1999 973 2064; x_wconf 93' lang='lat' dir='ltr'>Iu</span> <span class='ocrx_word' id='word_1_181' title='bbox 995 1999 1096 2067; x_wconf 88' lang='lat' dir='ltr'>tribus</span> <span class='ocrx_word' id='word_1_182' title='bbox 1117 2001 1274 2087; x_wconf 90' lang='lat' dir='ltr'>prioribus</span> <span class='ocrx_word' id='word_1_183' title='bbox 1294 2000 1383 2066; x_wconf 91' lang='lat' dir='ltr'>libris</span> <span class='ocrx_word' id='word_1_184' title='bbox 1404 1998 1609 2065; x_wconf 88' lang='lat' dir='ltr'>inveniuntur</span> <span class='ocrx_word' id='word_1_185' title='bbox 1630 1995 1709 2061; x_wconf 90' lang='lat' dir='ltr'>baec</span> <span class='ocrx_word' id='word_1_186' title='bbox 1730 1998 1887 2080; x_wconf 90' lang='lat' dir='ltr'>exempla:</span> 
     </span>
    </p>
   </div>
   <div class='ocr_carea' id='block_1_5' title="bbox 212 2115 2044 2406">
    <p class='ocr_par' dir='ltr' id='par_1_6' title="bbox 212 2115 2044 2406">
     <span class='ocr_line' id='line_1_17' title="bbox 752 2115 1512 2201; baseline 0.009 -19"><span class='ocrx_word' id='word_1_187' title='bbox 752 2116 779 2199; x_wconf 90' lang='lat'>1,</span> <span class='ocrx_word' id='word_1_188' title='bbox 801 2116 832 2198; x_wconf 84' lang='lat'>3,</span> <span class='ocrx_word' id='word_1_189' title='bbox 853 2118 905 2184; x_wconf 83' lang='lat'>36.</span> <span class='ocrx_word' id='word_1_190' title='bbox 948 2116 990 2194; x_wconf 83' lang='grc' dir='ltr'>ΙΙ,</span> <span class='ocrx_word' id='word_1_191' title='bbox 1012 2118 1042 2201; x_wconf 88' lang='grc'>6,</span> <span class='ocrx_word' id='word_1_192' title='bbox 1066 2119 1117 2185; x_wconf 73' lang='grc'>14.</span> <span class='ocrx_word' id='word_1_193' title='bbox 1159 2119 1217 2200; x_wconf 88' lang='grc' dir='ltr'>ΙΠ,</span> <span class='ocrx_word' id='word_1_194' title='bbox 1240 2121 1290 2201; x_wconf 88' lang='grc'>16,</span> <span class='ocrx_word' id='word_1_195' title='bbox 1312 2120 1364 2185; x_wconf 90' lang='grc'>26.</span> <span class='ocrx_word' id='word_1_196' title='bbox 1407 2116 1459 2195; x_wconf 88' lang='grc'>24,</span> <span class='ocrx_word' id='word_1_197' title='bbox 1481 2115 1512 2188; x_wconf 76' lang='grc'><strong>5.</strong></span> 
     </span>
     <span class='ocr_line' id='line_1_18' title="bbox 212 2212 2044 2306; baseline -0.001 -25"><span class='ocrx_word' id='word_1_198' title='bbox 212 2235 287 2281; x_wconf 87' lang='lat' dir='ltr'>nam</span> <span class='ocrx_word' id='word_1_199' title='bbox 301 2214 359 2297; x_wconf 87' lang='lat'>111,</span> <span class='ocrx_word' id='word_1_200' title='bbox 373 2212 405 2296; x_wconf 80' lang='lat' dir='ltr'>u,</span> <span class='ocrx_word' id='word_1_201' title='bbox 419 2216 458 2282; x_wconf 92' lang='grc'>11</span> <span class='ocrx_word' id='word_1_202' title='bbox 470 2237 541 2284; x_wconf 85' lang='lat' dir='ltr'>cum</span> <span class='ocrx_word' id='word_1_203' title='bbox 552 2215 756 2284; x_wconf 86' lang='lat' dir='ltr'>Lachmauno</span> <span class='ocrx_word' id='word_1_204' title='bbox 768 2217 935 2304; x_wconf 88' lang='lat' dir='ltr'>legendnm</span> <span class='ocrx_word' id='word_1_205' title='bbox 948 2227 1012 2286; x_wconf 91' lang='lat' dir='ltr'>est:</span> <span class='ocrx_word' id='word_1_206' title='bbox 1030 2222 1159 2306; x_wconf 90' lang='lat' dir='ltr'>perires.</span> <span class='ocrx_word' id='word_1_207' title='bbox 1187 2220 1225 2287; x_wconf 94' lang='lat' dir='ltr'>In</span> <span class='ocrx_word' id='word_1_208' title='bbox 1240 2227 1352 2305; x_wconf 90' lang='lat' dir='ltr'>quarto</span> <span class='ocrx_word' id='word_1_209' title='bbox 1368 2218 1542 2283; x_wconf 85' lang='lat' dir='ltr'>carminum</span> <span class='ocrx_word' id='word_1_210' title='bbox 1559 2213 1638 2280; x_wconf 89' lang='lat' dir='ltr'>libro</span> <span class='ocrx_word' id='word_1_211' title='bbox 1652 2212 1735 2280; x_wconf 86' lang='lat' dir='ltr'>hauc</span> <span class='ocrx_word' id='word_1_212' title='bbox 1751 2214 1911 2280; x_wconf 79' lang='lat' dir='ltr'>licentiam</span> <span class='ocrx_word' id='word_1_213' title='bbox 1927 2216 2044 2281; x_wconf 86' lang='lat' dir='ltr'>omisit.</span> 
     </span>
     <span class='ocr_line' id='line_1_19' title="bbox 314 2314 2043 2406; baseline 0 -25"><span class='ocrx_word' id='word_1_214' title='bbox 314 2314 431 2382; x_wconf 87' lang='lat' dir='ltr'>Hiatus</span> <span class='ocrx_word' id='word_1_215' title='bbox 453 2319 486 2383; x_wconf 93' lang='lat' dir='ltr'>in</span> <span class='ocrx_word' id='word_1_216' title='bbox 507 2320 611 2404; x_wconf 89' lang='lat' dir='ltr'>quarti</span> <span class='ocrx_word' id='word_1_217' title='bbox 632 2318 704 2385; x_wconf 86' lang='lat' dir='ltr'>libri</span> <span class='ocrx_word' id='word_1_218' title='bbox 725 2319 915 2385; x_wconf 85' lang='lat' dir='ltr'>carminibus</span> <span class='ocrx_word' id='word_1_219' title='bbox 938 2339 1000 2385; x_wconf 92' lang='lat' dir='ltr'>non</span> <span class='ocrx_word' id='word_1_220' title='bbox 1022 2321 1242 2406; x_wconf 65' lang='grc'><strong>1111111115),</strong></span> <span class='ocrx_word' id='word_1_221' title='bbox 1269 2340 1363 2404; x_wconf 90' lang='lat' dir='ltr'>quem</span> <span class='ocrx_word' id='word_1_222' title='bbox 1386 2326 1450 2384; x_wconf 87' lang='lat' dir='ltr'>tres</span> <span class='ocrx_word' id='word_1_223' title='bbox 1471 2318 1611 2403; x_wconf 89' lang='lat' dir='ltr'>priorum</span> <span class='ocrx_word' id='word_1_224' title='bbox 1635 2315 1786 2382; x_wconf 88' lang='lat' dir='ltr'>librorum</span> <span class='ocrx_word' id='word_1_225' title='bbox 1813 2336 1925 2382; x_wconf 84' lang='lat' dir='ltr'>versus</span> <span class='ocrx_word' id='word_1_226' title='bbox 1954 2315 2043 2382; x_wconf 89' lang='lat' dir='ltr'>exhi·</span> 
     </span>
    </p>
   </div>
   <div class='ocr_carea' id='block_1_6' title="bbox 211 2414 2043 2743">
    <p class='ocr_par' dir='ltr' id='par_1_7' title="bbox 211 2414 2043 2743">
     <span class='ocr_line' id='line_1_20' title="bbox 211 2414 1456 2538; baseline 0.002 -22"><span class='ocrx_word' id='word_1_227' title='bbox 211 2414 303 2481; x_wconf 53' lang='lat' dir='ltr'>m‘</span> <span class='ocrx_word' id='word_1_228' title='bbox 800 2452 1456 2538; x_wconf 70' lang='lat' dir='ltr'>nmmnmmmmm</span> 
     </span>
     <span class='ocr_line' id='line_1_21' title="bbox 213 2548 2043 2637; baseline -0.001 -20"><span class='ocrx_word' id='word_1_229' title='bbox 213 2571 347 2637; x_wconf 90' lang='lat' dir='ltr'>quorum</span> <span class='ocrx_word' id='word_1_230' title='bbox 369 2572 409 2619; x_wconf 89' lang='lat' dir='ltr'>ex</span> <span class='ocrx_word' id='word_1_231' title='bbox 430 2552 554 2619; x_wconf 90' lang='lat' dir='ltr'>dnobus</span> <span class='ocrx_word' id='word_1_232' title='bbox 584 2552 692 2619; x_wconf 89' lang='lat' dir='ltr'>hiatus</span> <span class='ocrx_word' id='word_1_233' title='bbox 721 2562 888 2622; x_wconf 84' lang='lat' dir='ltr'>amovetur</span> <span class='ocrx_word' id='word_1_234' title='bbox 910 2557 1089 2621; x_wconf 86' lang='lat' dir='ltr'>coniectura</span> <span class='ocrx_word' id='word_1_235' title='bbox 1115 2555 1267 2622; x_wconf 86' lang='lat' dir='ltr'>Bentleii:</span> <span class='ocrx_word' id='word_1_236' title='bbox 1299 2554 1341 2637; x_wconf 88' lang='lat' dir='ltr'>Il,</span> <span class='ocrx_word' id='word_1_237' title='bbox 1363 2554 1415 2637; x_wconf 92' lang='grc'>20,</span> <span class='ocrx_word' id='word_1_238' title='bbox 1439 2555 1494 2620; x_wconf 83' lang='lat'>13:</span> <span class='ocrx_word' id='word_1_239' title='bbox 1529 2552 1600 2618; x_wconf 87' lang='lat' dir='ltr'>Jam</span> <span class='ocrx_word' id='word_1_240' title='bbox 1623 2548 1783 2617; x_wconf 87' lang='lat' dir='ltr'>Daedaleo</span> <span class='ocrx_word' id='word_1_241' title='bbox 1805 2550 1928 2616; x_wconf 89' lang='lat' dir='ltr'>tutior</span> <span class='ocrx_word' id='word_1_242' title='bbox 1954 2549 2043 2615; x_wconf 87' lang='lat' dir='ltr'>lcaro</span> 
     </span>
     <span class='ocr_line' id='line_1_22' title="bbox 211 2651 1200 2743; baseline 0.005 -25"><span class='ocrx_word' id='word_1_243' title='bbox 211 2651 270 2737; x_wconf 88' lang='grc' dir='ltr'>ΠΙ,</span> <span class='ocrx_word' id='word_1_244' title='bbox 294 2654 344 2737; x_wconf 85' lang='grc'>14,</span> <span class='ocrx_word' id='word_1_245' title='bbox 367 2655 424 2722; x_wconf 87' lang='lat'>11:</span> <span class='ocrx_word' id='word_1_246' title='bbox 460 2655 533 2721; x_wconf 89' lang='lat' dir='ltr'>Jam</span> <span class='ocrx_word' id='word_1_247' title='bbox 553 2656 657 2720; x_wconf 83' lang='lat' dir='ltr'>virum</span> <span class='ocrx_word' id='word_1_248' title='bbox 679 2664 825 2743; x_wconf 86' lang='lat' dir='ltr'>expertae</span> <span class='ocrx_word' id='word_1_249' title='bbox 847 2656 930 2723; x_wconf 87' lang='lat' dir='ltr'>male</span> <span class='ocrx_word' id='word_1_250' title='bbox 951 2656 1200 2723; x_wconf 79' lang='lat' dir='ltr'>inominatia</span> 
     </span>
    </p>
   </div>
   <div class='ocr_carea' id='block_1_7' title="bbox 212 2752 2044 2925">
    <p class='ocr_par' dir='ltr' id='par_1_8' title="bbox 212 2752 2044 2925">
     <span class='ocr_line' id='line_1_23' title="bbox 217 2752 2044 2844; baseline -0.002 -24"><span class='ocrx_word' id='word_1_251' title='bbox 217 2789 230 2799; x_wconf 12' lang='grc' dir='ltr'>μ’</span> <span class='ocrx_word' id='word_1_252' title='bbox 313 2754 351 2821; x_wconf 92' lang='lat' dir='ltr'>In</span> <span class='ocrx_word' id='word_1_253' title='bbox 371 2776 465 2822; x_wconf 88' lang='lat' dir='ltr'>versu</span> <span class='ocrx_word' id='word_1_254' title='bbox 488 2755 644 2842; x_wconf 88' lang='lat' dir='ltr'>Sapphico</span> <span class='ocrx_word' id='word_1_255' title='bbox 674 2759 727 2844; x_wconf 93' lang='lat' dir='ltr'>qui</span> <span class='ocrx_word' id='word_1_256' title='bbox 750 2758 862 2825; x_wconf 88' lang='lat' dir='ltr'>dicitur</span> <span class='ocrx_word' id='word_1_257' title='bbox 889 2761 1010 2824; x_wconf 89' lang='lat' dir='ltr'>minore</span> <span class='ocrx_word' id='word_1_258' title='bbox 1031 2761 1156 2844; x_wconf 85' lang='lat' dir='ltr'>quoties</span> <span class='ocrx_word' id='word_1_259' title='bbox 1178 2779 1309 2825; x_wconf 84' lang='lat' dir='ltr'>caesura</span> <span class='ocrx_word' id='word_1_260' title='bbox 1329 2765 1403 2842; x_wconf 91' lang='lat' dir='ltr'>post</span> <span class='ocrx_word' id='word_1_261' title='bbox 1423 2757 1565 2843; x_wconf 88' lang='lat' dir='ltr'>quintam</span> <span class='ocrx_word' id='word_1_262' title='bbox 1587 2753 1745 2836; x_wconf 82' lang='lat' dir='ltr'>syllabam</span> <span class='ocrx_word' id='word_1_263' title='bbox 1773 2752 1960 2839; x_wconf 81' lang='lat' dir='ltr'>neglegatur</span> <span class='ocrx_word' id='word_1_264' title='bbox 1990 2752 2044 2817; x_wconf 88' lang='lat' dir='ltr'>de·</span> 
     </span>
     <span class='ocr_line' id='line_1_24' title="bbox 212 2856 633 2925; baseline -0.002 0"><span class='ocrx_word' id='word_1_265' title='bbox 212 2865 406 2925; x_wconf 87' lang='lat' dir='ltr'>monstratur</span> <span class='ocrx_word' id='word_1_266' title='bbox 427 2856 487 2922; x_wconf 87' lang='lat' dir='ltr'>hac</span> <span class='ocrx_word' id='word_1_267' title='bbox 509 2857 633 2925; x_wconf 79' lang='lat' dir='ltr'>cabula:</span> 
     </span>
    </p>
   </div>
   <div class='ocr_carea' id='block_1_8' title="bbox 246 2975 2023 3433">
    <p class='ocr_par' dir='ltr' id='par_1_9' title="bbox 246 2975 2023 3355">
     <span class='ocr_line' id='line_1_25' title="bbox 259 3007 2009 3126; baseline -0.002 -52"><span class='ocrx_word' id='word_1_268' title='bbox 259 3008 331 3075; x_wconf 89' lang='lat' dir='ltr'>libr.</span> <span class='ocrx_word' id='word_1_269' title='bbox 432 3031 582 3076; x_wconf 88' lang='lat' dir='ltr'>numerus</span> <span class='ocrx_word' id='word_1_270' title='bbox 775 3033 907 3080; x_wconf 90' lang='lat' dir='ltr'>caesura</span> <span class='ocrx_word' id='word_1_271' title='bbox 926 3022 999 3099; x_wconf 89' lang='lat' dir='ltr'>post</span> <span class='ocrx_word' id='word_1_272' title='bbox 1019 3016 1162 3098; x_wconf 87' lang='lat' dir='ltr'>quintam</span> <span class='ocrx_word' id='word_1_273' title='bbox 1185 3012 1342 3095; x_wconf 83' lang='lat' dir='ltr'>syllabam</span> <span class='ocrx_word' id='word_1_274' title='bbox 1363 3011 1542 3114; x_wconf 78' lang='lat' dir='ltr'>neglegitur</span> <span class='ocrx_word' id='word_1_275' title='bbox 1693 3059 1824 3126; x_wconf 55' lang='lat' dir='ltr'><strong>Summa</strong></span> <span class='ocrx_word' id='word_1_276' title='bbox 1871 3007 1957 3072; x_wconf 88' lang='lat' dir='ltr'>Inter</span> <span class='ocrx_word' id='word_1_277' title='bbox 1978 3030 2009 3072; x_wconf 86' lang='lat' dir='ltr'>v.</span> 
     </span>
     <span class='ocr_line' id='line_1_26' title="bbox 246 2975 2023 3197; baseline -0.001 -39"><span class='ocrx_word' id='word_1_278' title='bbox 246 3114 341 3160; x_wconf 85' lang='lat' dir='ltr'>carm.</span> <span class='ocrx_word' id='word_1_279' title='bbox 369 2975 376 3194; x_wconf 76' lang='grc' dir='ltr'>Ι</span> <span class='ocrx_word' id='word_1_280' title='bbox 397 3115 480 3163; x_wconf 87' lang='lat' dir='ltr'>vers.</span> <span class='ocrx_word' id='word_1_281' title='bbox 501 3095 612 3181; x_wconf 87' lang='lat' dir='ltr'>sapph.</span> <span class='ocrx_word' id='word_1_282' title='bbox 1160 3099 1164 3197; x_wconf 76' lang='grc' dir='ltr'>Ι</span> <span class='ocrx_word' id='word_1_283' title='bbox 1189 3118 1249 3184; x_wconf 90' lang='lat' dir='ltr'>que</span> <span class='ocrx_word' id='word_1_284' title='bbox 1261 3105 1316 3163; x_wconf 87' lang='lat' dir='ltr'>aut</span> <span class='ocrx_word' id='word_1_285' title='bbox 1327 3118 1368 3163; x_wconf 84' lang='lat' dir='ltr'>ve</span> <span class='ocrx_word' id='word_1_286' title='bbox 1378 3119 1411 3162; x_wconf 86' lang='lat' dir='ltr'>ru</span> <span class='ocrx_word' id='word_1_287' title='bbox 1426 3103 1517 3162; x_wconf 88' lang='lat' dir='ltr'>sexta</span> <span class='ocrx_word' id='word_1_288' title='bbox 1528 3092 1653 3177; x_wconf 79' lang='lat' dir='ltr'>syllaba</span> <span class='ocrx_word' id='word_1_289' title='bbox 1860 3099 2023 3157; x_wconf 84' lang='lat' dir='ltr'>centenos:</span> 
     </span>
     <span class='ocr_line' id='line_1_27' title="bbox 647 3264 1416 3355; baseline 0 -23"><span class='ocrx_word' id='word_1_290' title='bbox 647 3264 673 3343; x_wconf 83' lang='lat' dir='ltr'>L</span> <span class='ocrx_word' id='word_1_291' title='bbox 695 3266 861 3348; x_wconf 90' lang='grc'><strong>10,1.12,</strong></span> <span class='ocrx_word' id='word_1_292' title='bbox 884 3267 1145 3355; x_wconf 84' lang='grc'><strong>1.25,11.30,1.</strong></span> <span class='ocrx_word' id='word_1_293' title='bbox 1186 3268 1211 3351; x_wconf 93' lang='grc' dir='ltr'>Ι,</span> <span class='ocrx_word' id='word_1_294' title='bbox 1236 3268 1287 3348; x_wconf 88' lang='grc'>10,</span> <span class='ocrx_word' id='word_1_295' title='bbox 1310 3267 1341 3332; x_wconf 87' lang='grc'>6.</span> <span class='ocrx_word' id='word_1_296' title='bbox 1366 3267 1416 3333; x_wconf 88' lang='grc'>18.</span> 
     </span>
    </p>

    <p class='ocr_par' dir='ltr' id='par_1_10' title="bbox 471 3332 818 3433">
     <span class='ocr_line' id='line_1_28' title="bbox 471 3332 818 3433; baseline 0.006 -19"><span class='ocrx_word' id='word_1_297' title='bbox 471 3332 535 3398; x_wconf 60' lang='lat' dir='ltr'><strong>ffl</strong></span> <span class='ocrx_word' id='word_1_298' title='bbox 647 3348 818 3433; x_wconf 67' lang='lat' dir='ltr'>uem</span> 
     </span>
    </p>
   </div>
   <div class='ocr_carea' id='block_1_9' title="bbox 1041 3518 2042 3538">
    <p class='ocr_par' dir='ltr' id='par_1_11' title="bbox 1041 3518 2042 3538">
     <span class='ocr_line' id='line_1_29' title="bbox 1041 3518 2042 3538; baseline -0.001 -2"><span class='ocrx_word' id='word_1_299' title='bbox 1041 3528 1229 3538; x_wconf 49' lang='lat' dir='ltr'><strong>..w—..—</strong></span> <span class='ocrx_word' id='word_1_300' title='bbox 1684 3518 2042 3527; x_wconf 75' lang='lat'><strong>‘-··-———-</strong></span> 
     </span>
    </p>
   </div>
   <div class='ocr_carea' id='block_1_10' title="bbox 474 3569 1962 3824">
    <p class='ocr_par' dir='ltr' id='par_1_12' title="bbox 474 3569 1962 3824">
     <span class='ocr_line' id='line_1_30' title="bbox 649 3569 1496 3652; baseline -0.004 -16"><span class='ocrx_word' id='word_1_301' title='bbox 649 3569 1496 3652; x_wconf 55' lang='lat' dir='ltr'>mmmmmmmmnnmnma</span> 
     </span>
     <span class='ocr_line' id='line_1_31' title="bbox 474 3650 1962 3737; baseline -0.003 -18"><span class='ocrx_word' id='word_1_302' title='bbox 474 3652 537 3720; x_wconf 68' lang='lat' dir='ltr'>m</span> <span class='ocrx_word' id='word_1_303' title='bbox 649 3656 1040 3737; x_wconf 67' lang='lat' dir='ltr'>qmmmmm</span> <span class='ocrx_word' id='word_1_304' title='bbox 1189 3655 1295 3723; x_wconf 64' lang='lat' dir='ltr'>mo</span> <span class='ocrx_word' id='word_1_305' title='bbox 1922 3650 1962 3715; x_wconf 81' lang='lat' dir='ltr'>m</span> 
     </span>
     <span class='ocr_line' id='line_1_32' title="bbox 652 3741 988 3824; baseline 0.003 -18"><span class='ocrx_word' id='word_1_306' title='bbox 652 3741 988 3824; x_wconf 70' lang='lat' dir='ltr'>mmmmm</span> 
     </span>
    </p>
   </div>
   <div class='ocr_carea' id='block_1_11' title="bbox 245 3905 1964 4075">
    <p class='ocr_par' dir='ltr' id='par_1_13' title="bbox 245 3905 1964 4075">
     <span class='ocr_line' id='line_1_33' title="bbox 245 3905 1652 4040; baseline -0.014 -51"><span class='ocrx_word' id='word_1_307' title='bbox 245 3942 340 3988; x_wconf 84' lang='lat' dir='ltr'>carm.</span> <span class='ocrx_word' id='word_1_308' title='bbox 483 3972 525 4040; x_wconf 66' lang='lat'>57</span> <span class='ocrx_word' id='word_1_309' title='bbox 651 3907 1157 3995; x_wconf 66' lang='grc'><strong>1111111111411151.</strong></span> <span class='ocrx_word' id='word_1_310' title='bbox 1177 3911 1206 3976; x_wconf 92' lang='grc'>1.</span> <span class='ocrx_word' id='word_1_311' title='bbox 1230 3911 1280 3977; x_wconf 89' lang='grc'><strong>19.</strong></span> <span class='ocrx_word' id='word_1_312' title='bbox 1301 3909 1354 3976; x_wconf 89' lang='grc'>53.</span> <span class='ocrx_word' id='word_1_313' title='bbox 1375 3908 1428 3974; x_wconf 88' lang='grc'><strong>54.</strong></span> <span class='ocrx_word' id='word_1_314' title='bbox 1450 3907 1502 3973; x_wconf 88' lang='grc'>59.</span> <span class='ocrx_word' id='word_1_315' title='bbox 1524 3905 1576 3971; x_wconf 90' lang='grc'>62.</span> <span class='ocrx_word' id='word_1_316' title='bbox 1600 3905 1652 3971; x_wconf 71' lang='lat' dir='ltr'>is</span> 
     </span>
     <span class='ocr_line' id='line_1_34' title="bbox 252 3971 1964 4075; baseline -0.022 0"><span class='ocrx_word' id='word_1_317' title='bbox 252 4028 337 4075; x_wconf 88' lang='lat' dir='ltr'>saec.</span> <span class='ocrx_word' id='word_1_318' title='bbox 649 3991 702 4060; x_wconf 81' lang='lat'>58.</span> <span class='ocrx_word' id='word_1_319' title='bbox 719 3996 771 4060; x_wconf 89' lang='grc'>61.</span> <span class='ocrx_word' id='word_1_320' title='bbox 792 3995 843 4062; x_wconf 89' lang='grc'>10.</span> <span class='ocrx_word' id='word_1_321' title='bbox 863 3994 915 4061; x_wconf 88' lang='grc'>13.</span> <span class='ocrx_word' id='word_1_322' title='bbox 1922 3971 1964 4038; x_wconf 88' lang='grc'>33</span> 
     </span>
    </p>
   </div>
   <div class='ocr_carea' id='block_1_12' title="bbox 217 4205 2047 4824">
    <p class='ocr_par' dir='ltr' id='par_1_14' title="bbox 217 4205 2047 4824">
     <span class='ocr_line' id='line_1_35' title="bbox 318 4205 2047 4299; baseline 0.001 -26"><span class='ocrx_word' id='word_1_323' title='bbox 318 4211 406 4291; x_wconf 85' lang='lat' dir='ltr'>Quae</span> <span class='ocrx_word' id='word_1_324' title='bbox 428 4230 499 4275; x_wconf 88' lang='lat' dir='ltr'>eum</span> <span class='ocrx_word' id='word_1_325' title='bbox 520 4212 568 4278; x_wconf 85' lang='lat' dir='ltr'>ita</span> <span class='ocrx_word' id='word_1_326' title='bbox 588 4213 661 4294; x_wconf 81' lang='lat' dir='ltr'>siut,</span> <span class='ocrx_word' id='word_1_327' title='bbox 681 4213 903 4299; x_wconf 88' lang='lat' dir='ltr'>neglegentius</span> <span class='ocrx_word' id='word_1_328' title='bbox 923 4213 1075 4280; x_wconf 89' lang='lat' dir='ltr'>Horatius</span> <span class='ocrx_word' id='word_1_329' title='bbox 1097 4215 1129 4278; x_wconf 92' lang='lat' dir='ltr'>in</span> <span class='ocrx_word' id='word_1_330' title='bbox 1151 4218 1263 4299; x_wconf 85' lang='lat' dir='ltr'>quarto</span> <span class='ocrx_word' id='word_1_331' title='bbox 1285 4209 1366 4276; x_wconf 86' lang='lat' dir='ltr'>libro</span> <span class='ocrx_word' id='word_1_332' title='bbox 1388 4211 1490 4295; x_wconf 89' lang='lat' dir='ltr'>egisse</span> <span class='ocrx_word' id='word_1_333' title='bbox 1510 4208 1657 4274; x_wconf 84' lang='lat' dir='ltr'>videatur</span> <span class='ocrx_word' id='word_1_334' title='bbox 1678 4205 1783 4274; x_wconf 90' lang='lat' dir='ltr'>alicui.</span> <span class='ocrx_word' id='word_1_335' title='bbox 1828 4207 1921 4290; x_wconf 83' lang='lat' dir='ltr'>Quod</span> <span class='ocrx_word' id='word_1_336' title='bbox 1952 4208 2047 4292; x_wconf 88' lang='lat' dir='ltr'>longe</span> 
     </span>
     <span class='ocr_line' id='line_1_36' title="bbox 217 4303 2047 4401; baseline -0.004 -20"><span class='ocrx_word' id='word_1_337' title='bbox 217 4312 384 4382; x_wconf 86' lang='lat' dir='ltr'>abhorrere</span> <span class='ocrx_word' id='word_1_338' title='bbox 405 4330 427 4376; x_wconf 84' lang='lat' dir='ltr'>a</span> <span class='ocrx_word' id='word_1_339' title='bbox 446 4332 523 4377; x_wconf 80' lang='lat' dir='ltr'>uero</span> <span class='ocrx_word' id='word_1_340' title='bbox 545 4315 685 4381; x_wconf 87' lang='lat' dir='ltr'>ostendit</span> <span class='ocrx_word' id='word_1_341' title='bbox 706 4314 860 4383; x_wconf 81' lang='lat' dir='ltr'>Christius</span> <span class='ocrx_word' id='word_1_342' title='bbox 880 4313 987 4383; x_wconf 92' lang='lat' dir='ltr'>libello</span> <span class='ocrx_word' id='word_1_343' title='bbox 1011 4318 1064 4401; x_wconf 90' lang='lat' dir='ltr'>qui</span> <span class='ocrx_word' id='word_1_344' title='bbox 1084 4313 1265 4381; x_wconf 86' lang='lat' dir='ltr'>inscribitur</span> <span class='ocrx_word' id='word_1_345' title='bbox 1287 4303 1392 4395; x_wconf 73' lang='lat' dir='ltr'>„libe</span> <span class='ocrx_word' id='word_1_346' title='bbox 1413 4310 1464 4376; x_wconf 90' lang='lat' dir='ltr'>die</span> <span class='ocrx_word' id='word_1_347' title='bbox 1478 4309 1657 4375; x_wconf 83' lang='lat' dir='ltr'>Verskuust</span> <span class='ocrx_word' id='word_1_348' title='bbox 1678 4306 1734 4375; x_wconf 90' lang='lat' dir='ltr'>des</span> <span class='ocrx_word' id='word_1_349' title='bbox 1749 4307 1853 4375; x_wconf 90' lang='lat' dir='ltr'>Horaz</span> <span class='ocrx_word' id='word_1_350' title='bbox 1875 4310 1919 4374; x_wconf 94' lang='lat' dir='ltr'>im</span> <span class='ocrx_word' id='word_1_351' title='bbox 1935 4307 2047 4374; x_wconf 87' lang='lat' dir='ltr'>Lichte</span> 
     </span>
     <span class='ocr_line' id='line_1_37' title="bbox 280 4495 677 4570; baseline 0.018 -19"><span class='ocrx_word' id='word_1_352' title='bbox 280 4502 305 4568; x_wconf 76' lang='grc'>1)</span> <span class='ocrx_word' id='word_1_353' title='bbox 322 4495 428 4560; x_wconf 82' lang='lat' dir='ltr'>Keller,</span> <span class='ocrx_word' id='word_1_354' title='bbox 446 4496 556 4568; x_wconf 73' lang='lat' dir='ltr'>Epileg.</span> <span class='ocrx_word' id='word_1_355' title='bbox 574 4502 677 4570; x_wconf 71' lang='grc'><strong>113011</strong></span> 
     </span>
     <span class='ocr_line' id='line_1_38' title="bbox 277 4578 868 4657; baseline 0.01 -22"><span class='ocrx_word' id='word_1_356' title='bbox 277 4585 304 4653; x_wconf 83' lang='lat'>¹)</span> <span class='ocrx_word' id='word_1_357' title='bbox 322 4579 371 4636; x_wconf 82' lang='lat' dir='ltr'>clr.</span> <span class='ocrx_word' id='word_1_358' title='bbox 389 4578 485 4646; x_wconf 77' lang='lat' dir='ltr'>Labra,</span> <span class='ocrx_word' id='word_1_359' title='bbox 504 4581 550 4638; x_wconf 83' lang='grc'><strong>(111</strong></span> <span class='ocrx_word' id='word_1_360' title='bbox 566 4584 691 4642; x_wconf 82' lang='lat' dir='ltr'>Versclrl</span> <span class='ocrx_word' id='word_1_361' title='bbox 709 4602 735 4657; x_wconf 91' lang='lat' dir='ltr'>p.</span> <span class='ocrx_word' id='word_1_362' title='bbox 754 4585 868 4642; x_wconf 83' lang='lat' dir='ltr'>Il-IV.</span> 
     </span>
     <span class='ocr_line' id='line_1_39' title="bbox 276 4662 1810 4739; baseline 0.001 -23"><span class='ocrx_word' id='word_1_363' title='bbox 276 4665 300 4739; x_wconf 77' lang='lat'>¹)</span> <span class='ocrx_word' id='word_1_364' title='bbox 317 4662 521 4733; x_wconf 66' lang='lat' dir='ltr'>Hirschidder,</span> <span class='ocrx_word' id='word_1_365' title='bbox 540 4684 591 4724; x_wconf 81' lang='lat' dir='ltr'>nur</span> <span class='ocrx_word' id='word_1_366' title='bbox 607 4669 754 4727; x_wconf 74' lang='lat' dir='ltr'>biberetur</span> <span class='ocrx_word' id='word_1_367' title='bbox 771 4668 819 4726; x_wconf 89' lang='lat' dir='ltr'>des</span> <span class='ocrx_word' id='word_1_368' title='bbox 836 4669 904 4726; x_wconf 86' lang='lat' dir='ltr'>Hor.</span> <span class='ocrx_word' id='word_1_369' title='bbox 932 4666 1096 4727; x_wconf 76' lang='lat' dir='ltr'>zeitschrift</span> <span class='ocrx_word' id='word_1_370' title='bbox 1112 4668 1160 4724; x_wconf 84' lang='lat' dir='ltr'>rur</span> <span class='ocrx_word' id='word_1_371' title='bbox 1177 4666 1204 4725; x_wconf 86' lang='lat' dir='ltr'>d.</span> <span class='ocrx_word' id='word_1_372' title='bbox 1222 4665 1419 4739; x_wconf 75' lang='lat' dir='ltr'>Gymnasislw.</span> <span class='ocrx_word' id='word_1_373' title='bbox 1437 4662 1545 4721; x_wconf 83' lang='lat' dir='ltr'>XXIII.</span> <span class='ocrx_word' id='word_1_374' title='bbox 1563 4667 1587 4720; x_wconf 90' lang='lat'>1.</span> <span class='ocrx_word' id='word_1_375' title='bbox 1605 4665 1682 4722; x_wconf 84' lang='grc'><strong>1669.</strong></span> <span class='ocrx_word' id='word_1_376' title='bbox 1701 4679 1729 4733; x_wconf 87' lang='lat' dir='ltr'>p.</span> <span class='ocrx_word' id='word_1_377' title='bbox 1753 4663 1810 4720; x_wconf 76' lang='lat'>140.</span> 
     </span>
     <span class='ocr_line' id='line_1_40' title="bbox 275 4747 914 4824; baseline 0.008 -20"><span class='ocrx_word' id='word_1_378' title='bbox 275 4761 299 4824; x_wconf 70' lang='grc' dir='ltr'>ι)</span> <span class='ocrx_word' id='word_1_379' title='bbox 316 4755 352 4812; x_wconf 85' lang='lat' dir='ltr'>In</span> <span class='ocrx_word' id='word_1_380' title='bbox 368 4748 401 4805; x_wconf 82' lang='lat' dir='ltr'>T.</span> <span class='ocrx_word' id='word_1_381' title='bbox 420 4747 546 4808; x_wconf 83' lang='lat' dir='ltr'>Lucretii</span> <span class='ocrx_word' id='word_1_382' title='bbox 563 4753 626 4814; x_wconf 86' lang='lat' dir='ltr'>libr.</span> <span class='ocrx_word' id='word_1_383' title='bbox 644 4769 738 4813; x_wconf 76' lang='lat' dir='ltr'>comm.</span> <span class='ocrx_word' id='word_1_384' title='bbox 757 4770 784 4824; x_wconf 90' lang='lat' dir='ltr'>p.</span> <span class='ocrx_word' id='word_1_385' title='bbox 801 4756 835 4813; x_wconf 91' lang='grc'>16</span> <span class='ocrx_word' id='word_1_386' title='bbox 852 4768 914 4824; x_wconf 86' lang='lat' dir='ltr'>sqq.</span> 
     </span>
    </p>
   </div>
   <div class='ocr_carea' id='block_1_13' title="bbox 276 4832 1852 4967">
    <p class='ocr_par' dir='ltr' id='par_1_15' title="bbox 276 4832 1852 4967">
     <span class='ocr_line' id='line_1_41' title="bbox 276 4832 1852 4967; baseline 0.05 -84"><span class='ocrx_word' id='word_1_387' title='bbox 276 4851 307 4913; x_wconf 58' lang='lat' dir='ltr'>sq</span> <span class='ocrx_word' id='word_1_388' title='bbox 318 4848 370 4905; x_wconf 59' lang='lat' dir='ltr'>cfr.</span> <span class='ocrx_word' id='word_1_389' title='bbox 387 4832 580 4904; x_wconf 68' lang='lat' dir='ltr'>Hirschfelder</span> <span class='ocrx_word' id='word_1_390' title='bbox 597 4838 616 4894; x_wconf 84' lang='lat' dir='ltr'>l</span> <span class='ocrx_word' id='word_1_391' title='bbox 634 4839 652 4896; x_wconf 87' lang='lat' dir='ltr'>l</span> <span class='ocrx_word' id='word_1_392' title='bbox 671 4854 697 4909; x_wconf 85' lang='lat' dir='ltr'>p·</span> <span class='ocrx_word' id='word_1_393' title='bbox 716 4838 774 4896; x_wconf 80' lang='lat'>140·</span> <span class='ocrx_word' id='word_1_394' title='bbox 1807 4903 1852 4967; x_wconf 76' lang='lat'>3*</span> 
     </span>
    </p>
   </div>
   <div class='ocr_carea' id='block_1_14' title="bbox 0 0 2245 5475">
    <p class='ocr_par' dir='ltr' id='par_1_16' title="bbox 0 0 2245 5475">
     <span class='ocr_line' id='line_1_42' title="bbox 0 0 2245 5475; baseline 0 0"><span class='ocrx_word' id='word_1_395' title='bbox 0 0 2245 5475; x_wconf 95' lang='lat' dir='ltr'> </span> 
     </span>
    </p>
   </div>
  </div>
 </body>
</html>
