4450 5475
998 282 1203 395 *mr-

188 500 244 568 der
264 492 632 589 alteu‘blberlicfemng“
654 524 684 568 a.
710 502 790 569 1868
813 504 845 566 iu
867 500 969 566 lucem
992 498 1131 580 edito1).
1175 496 1347 564 christiam
1368 499 1413 563 rei
1436 498 1586 564 metricae
1608 501 1836 585 peritissimum
1858 504 1887 567 si
1909 499 2036 568 ducem

188 605 362 688 sequimur,
390 605 545 671 Horatius
571 602 792 671 Archilochum
821 611 853 667 et
880 609 992 688 poetas
1019 599 1193 667 Aeoleuses
1225 601 1356 665 imitans
1382 598 1520 665 multum
1554 599 1678 668 ducitur
1708 605 1910 670 metricorum
1943 625 2044 670 suae.

187 706 303 770 aetatis
324 703 476 771 doctrina.
519 704 660 785 Quorum
682 727 722 771 ex
742 705 917 790 praeceptis
938 701 1002 768 duo
1024 703 1225 787 potissimum
1247 700 1427 783 effecerunt,
1449 707 1485 768 ut
1508 700 1633 768 Horatii
1655 725 1768 771 versus
1788 704 2038 791 exemplaribus

187 804 315 870 Graecis
343 807 452 873 multis
480 809 513 872 iu
542 807 636 873 rebus
665 805 835 872 dissimiles
863 811 986 887 esseut,
1014 802 1098 886 quod
1128 800 1285 867 docebant
1310 821 1420 867 omnes
1445 823 1558 868 uersus
1594 802 1753 890 dipodiam
1782 806 1970 872 excedentes
1992 807 2037 871 in

186 907 275 971 auide
296 907 484 975 dividendos
507 929 587 991 esse,
610 917 642 975 et
662 907 746 994 quod
773 903 901 991 singula
927 913 1028 970 metra
1048 903 1089 969 ab
1113 902 1185 969 aliis
1207 902 1390 969 hexametro
1413 903 1567 985 dactylico
1589 907 1789 991 potissimum
1819 915 1852 973 et
1881 909 2036 974 trimetro

188 1007 324 1074 iambico
354 1009 528 1076 derivanda
556 1032 626 1076 esse
658 1007 840 1075 censebant.
891 1005 960 1072 Hac
988 1026 1021 1070 re
1047 1012 1208 1089 permotus
1237 1004 1389 1070 Horatius
1416 1006 1449 1069 in
1479 1004 1548 1071 basi
1575 1027 1724 1074 versuum
1752 1008 2036 1095 pherecrateorum

187 1109 411 1193 glycoueorum
434 1111 703 1197 asclepiadeorum
727 1130 849 1194 semper
871 1107 1046 1193 spondeum
1070 1106 1226 1189 adhibuit,
1254 1127 1330 1172 uam
1351 1107 1445 1172 initia
1474 1127 1581 1173 eorum
1603 1130 1752 1176 versuum
1779 1131 1850 1177 cum
1875 1110 2037 1193 semiqui-

187 1212 279 1276 naria
301 1209 475 1280 hexametri
497 1212 643 1296 dactylici
666 1231 837 1299 congruere
858 1208 1004 1275 volebat:

189 1665 264 1732 illue
286 1688 362 1732 vero
390 1669 535 1752 pertinet,
558 1666 641 1752 quod
664 1668 820 1753 saprade
842 1666 995 1732 incisione
1021 1687 1134 1732 versus
1162 1666 1304 1752 sapphici
1326 1667 1561 1735 adnotavimus.
1604 1668 1684 1734 Nam
1707 1668 1860 1735 Horatius
1882 1690 1953 1736 eam
1976 1671 2026 1736 di·

188 1769 345 1834 visionem
366 1790 481 1836 uersus
502 1767 643 1853 sapphici
665 1777 793 1836 secutus
813 1769 1028 1855 grammaticis
1049 1766 1160 1833 latinis
1180 1768 1356 1852 probatem,
1379 1777 1416 1834 ut
1436 1764 1519 1854 τομῇ
1542 1769 1793 1855 πενθημιμιρῇς
1817 1770 1978 1870 trochaica

666 1884 1556 1952 -υ-.-,··οιίιιιιιίιίιιινν-ν-ε
1729 1886 1731 1889 ’

192 2005 380 2070 coniunctae
401 2026 529 2071 versum
554 2005 704 2087 efficiant,
725 2006 758 2071 iu
779 2004 925 2072 versibus
949 2004 1045 2090 louge
1066 2003 1209 2088 plurimis
1238 2003 1396 2090 sapphicis
1424 2026 1587 2071 caesaram
1610 2014 1682 2090 post
1704 2008 1851 2092 quintam
1873 2006 2031 2089 syllabam

190 2105 345 2172 adhibuit.
379 2108 421 2172 ht
441 2113 553 2191 postes
573 2116 668 2193 potita
689 2109 828 2172 sensisse
849 2107 976 2173 videtur
996 2106 1199 2170 severitatem
1222 2103 1309 2169 illam
1331 2107 1364 2171 in
1385 2106 1565 2172 adhibenda
1586 2128 1717 2172 caesura
1739 2127 1923 2193 graecorum
1955 2117 2030 2194 pot·

190 2217 295 2273 tarum
316 2206 460 2292 exemplo
483 2209 612 2273 minime
634 2208 886 2275 commendatam
914 2206 1032 2272 leutius
1053 2205 1315 2291 aequabiliusque
1336 2207 1476 2273 accidere
1498 2207 1638 2292 auribus,
1668 2210 1755 2274 etin
1777 2205 1890 2292 quarto
1913 2211 2027 2274 carmi·

192 2328 269 2374 num
290 2307 371 2374 libro
394 2323 427 2373 et
455 2310 594 2375 carmine
618 2309 774 2375 saeculari
807 2327 938 2374 caesura
958 2314 1031 2392 post
1051 2314 1175 2370 sextam
1198 2306 1355 2389 syllabam
1384 2306 1470 2373 sard
1491 2312 1603 2393 τρίτον
1624 2321 1782 2392 τροχαῖον
1805 2331 1887 2395 quae
1916 2309 2031 2375 dicitur

191 2416 315 2495 praeter
343 2408 432 2477 illam
459 2411 644 2476 incisionem
673 2410 816 2477 admissa
842 2409 875 2474 id
897 2407 1014 2493 agebat
1034 2414 1070 2472 ut
1091 2406 1248 2473 varietate
1274 2408 1456 2476 delectaret.
1500 2413 1602 2495 Atque
1631 2409 1715 2476 haud
1737 2412 1803 2476 scio
1825 2432 1867 2476 an
1889 2410 2027 2477 redinte-

191 2518 282 2596 grata
303 2519 336 2576 et
356 2512 492 2597 repetita
513 2509 694 2578 observatio
716 2520 880 2597 poetarum
903 2528 1087 2593 graecorum
1116 2530 1155 2574 ea
1175 2509 1301 2594 quidem
1331 2509 1403 2576 aliis
1429 2531 1554 2595 quoque
1576 2510 1670 2577 rebus
1691 2510 1826 2597 probata
1845 2510 2023 2594 Horatium,

192 2620 229 2676 ut
249 2614 450 2678 metricorum
473 2627 643 2698 praecepta
664 2612 835 2700 neglegere
856 2632 950 2695 quam
972 2630 1122 2675 versuum
1144 2613 1308 2676 venustati
1329 2610 1454 2677 officere
1474 2609 1593 2694 mallet,
1616 2613 1835 2680 commoverit.

293 2712 374 2781 Post
394 2712 566 2781 christiam
586 2715 764 2799 nuperrime
786 2712 827 2779 de
846 2732 944 2778 versu
965 2709 1119 2797 sapphico
1141 2710 1292 2778 disseruit
1313 2712 1565 2799 Kiesslingius²)
1595 2714 1766 2780 maximam
1794 2722 1916 2801 partem
1939 2714 2027 2781 Chri·

192 2816 287 2880 stium
311 2826 448 2900 secutus,
470 2818 516 2881 ita
537 2822 655 2898 tamen,
677 2823 714 2881 ut
735 2814 866 2880 adderet
886 2834 951 2880 nou
972 2833 1083 2897 pauca.
1116 2812 1195 2878 Cum
1218 2812 1354 2880 Christio
1371 2812 1516 2880 Caesium
1537 2814 1672 2881 Bassum
1694 2823 1837 2881 secutum
1859 2819 1893 2882 iu
1914 2818 2028 2883 ceteris

192 2918 287 2981 trium
309 2918 447 3001 priorum
468 2917 620 2982 librorum
643 2917 836 2982 carminibus
857 2936 898 2981 ea
918 2935 1012 2999 quam
1034 2934 1132 2999 supra
1153 2913 1440 2981 demonstravimus
1461 2915 1619 2982 divisione
1640 2939 1753 2983 versus
1768 2916 1915 3002 Sapphici
1937 2939 2027 2985 usum

194 3036 265 3081 esse
286 3016 454 3084 Horatium
476 3018 599 3100 statuit,
630 3015 742 3082 decimi
764 3038 841 3083 vero
862 3017 955 3102 primi
976 3014 1047 3080 libri
1070 3016 1219 3081 carminis
1241 3036 1368 3080 versum
1391 3015 1484 3102 louge
1513 3016 1575 3084 alio
1602 3018 1696 3086 modo
1718 3021 1926 3104 compositum
1955 3037 2028 3084 esse

193 3138 231 3182 ex
260 3117 384 3185 duabus
411 3118 567 3205 partibus,
594 3137 727 3206 quarum
748 3118 850 3185 altera
871 3125 942 3184 octo
964 3115 1169 3197 syllabarum,
1191 3116 1293 3183 ultera
1315 3120 1409 3183 trium
1431 3120 1476 3185 sit

768 3278 1030 3305 -v-g--a
1124 3250 1455 3338 υ-Ιυ-Ξ

194 3395 356 3472 permotus
384 3412 456 3456 cum
486 3410 616 3456 caesara
642 3413 670 3454 a.
698 3412 737 3473 τρ
768 3411 829 3472 τρ,
858 3409 953 3473 quam
982 3389 1014 3452 in
1044 3385 1103 3453 hoc
1125 3389 1262 3453 carmine
1285 3396 1333 3453 ter
1354 3389 1489 3454 inveniri
1513 3409 1608 3473 supra
1629 3387 1863 3474 adscripsimus,
1885 3396 1953 3455 tum
1975 3409 2026 3471 eo,

192 3488 275 3574 quod
296 3511 359 3556 uuo
381 3513 413 3557 r.
436 3492 476 3558 15
498 3497 626 3576 excepto
649 3490 765 3576 ubique
787 3497 863 3555 aute
885 3487 1000 3555 thesim
1023 3487 1250 3574 paenultimam
1272 3489 1422 3555 vocabuli
1450 3490 1546 3555 finem
1569 3488 1707 3555 incidere
1728 3497 1811 3557 recte
1833 3490 2027 3557 observarit.

193 3589 294 3670 Quam
315 3593 505 3658 seutentiam
526 3591 738 3675 Kiesslingius
760 3592 857 3656 etiam
879 3598 953 3675 post
973 3610 1012 3654 ea
1032 3610 1114 3676 quae
1136 3589 1396 3675 Weiuholdius⁸)
1426 3597 1535 3657 contra
1557 3589 1639 3654 dixit
1665 3599 1699 3656 et
1720 3592 1915 3677 argumentis
1941 3611 2027 3657 com·

192 3691 341 3775 probavit
368 3695 497 3759 iteravit
526 3694 558 3758 iu
589 3692 695 3759 libello
725 3693 765 3758 de
791 3700 861 3758 arte
887 3693 1018 3757 metrica
1040 3690 1165 3757 Horatii
1194 3713 1288 3778 quem
1321 3692 1466 3778 praefixit
1495 3690 1625 3755 editioni
1656 3694 1833 3777 nuperrime
1861 3695 1894 3759 iu
1925 3692 2027 3758 lucem

194 3792 340 3861 emissae.
382 3795 494 3878 Itaque
515 3796 577 3859 tria
597 3791 745 3880 strophae
767 3790 935 3878 sapphirae
961 3813 1078 3878 genera
1099 3801 1226 3859 exstare
1255 3792 1340 3877 apud
1362 3791 1531 3857 Horatium
1558 3791 1648 3858 docet
1669 3792 1896 3880 lliessliugius:
1930 3814 2027 3859 uuum

194 3892 227 3957 in
250 3914 312 3979 quo
334 3914 467 3962 caesum
486 3903 559 3980 post
572 3897 715 3979 quintam
738 3893 895 3976 syllabam
916 3893 1035 3958 incidat
1055 3890 1237 3960 adhibitum
1258 3895 1291 3959 in
1313 3894 1352 3959 21
1369 3893 1462 3976 primi
1483 3893 1611 3958 secundi
1634 3897 1718 3960 tertii
1734 3894 1805 3961 libri
1828 3893 2029 3974 carminibus,

196 3991 331 4060 alterum
360 3999 454 4062 unius
477 3998 624 4061 carminis
644 3996 678 4077 1,
710 3998 751 4063 10
773 3997 863 4061 cuius
884 4015 994 4060 versus
1020 3996 1206 4060 incisionem
1232 4001 1305 4080 post
1331 4002 1454 4058 sextam
1482 3993 1639 4076 syllabam
1665 4002 1778 4081 gerant
1805 3995 2030 4081 semiquinaria

195 4094 348 4182 neglecta,
371 4100 499 4164 tertium
522 4100 554 4163 iu
577 4105 690 4182 quarto
712 4095 792 4163 libro
815 4103 848 4162 et
869 4097 1006 4162 carmine
1027 4095 1181 4161 saeculari
1203 4104 1391 4180 usurpatum
1413 4094 1467 4159 ubi
1489 4117 1601 4162 versus
1623 4095 1765 4181 sapphici
1788 4117 1918 4163 caesura
1939 4114 2028 4161 care-

195 4198 302 4283 eut‘).
346 4197 408 4265 Sed
430 4220 501 4265 mea
522 4198 648 4286 quidem
676 4198 840 4283 opinione,
870 4204 906 4263 ut
926 4195 1120 4264 Weinhoblii
1141 4197 1336 4283 argumentis
1363 4215 1437 4260 mea
1457 4195 1581 4279 addaiu,
1608 4195 1688 4263 haec
1708 4196 1913 4283 complurium
1936 4195 2027 4261 metri

198 4352 381 4363 ..ο-..υ-

255 4437 278 4501 ¹)
296 4433 559 4505 Sitauugsberichts
576 4432 670 4491 deria
688 4433 782 4503 baysr.
799 4431 889 4489 ahad
907 4432 958 4488 der
975 4430 1218 4487 wissenschaften
1236 4445 1273 4487 au
1290 4430 1429 4488 Mhncheu
1446 4433 1521 4488 1868
1538 4431 1562 4486 1.
1579 4431 1650 4488 aare
1666 4436 1691 4489 1.
1708 4450 1734 4504 p.
1752 4435 1767 4489 1
1785 4447 1846 4503 sqq.

250 4524 260 4554 2

254 4523 280 4670 'b
293 4520 486 4671 ZQuffebrtbblusb
502 4520 708 4659 Hogtibssubabq·
725 4600 845 4670 Scripsit
866 4598 998 4658 Altredus
1021 4599 1181 4665 Weiuhold.
1221 4601 1423 4659 Commentatio
1440 4570 1595 4658 ‘annalibus
1617 4601 1729 4657 scholae
1750 4599 1847 4670 regiae
1871 4598 2027 4656 Grimeusis

253 4776 279 4841 ⁴)
296 4688 406 4829 bbbbb
418 4688 641 4827 meppacprrffi
653 4688 745 4835 prclkl,
761 4769 796 4826 de
814 4768 913 4826 metris
936 4767 1051 4825 Horatii
1070 4769 1167 4838 lyricis
1190 4768 1359 4838 Reudsburg
1380 4772 1456 4826 1880.
1479 4787 1505 4842 p.
1528 4773 1563 4829 28
1580 4784 1724 4829 caesuram
1747 4770 1838 4828 iubis
1856 4766 2029 4824 carminibus

299 4855 419 4914 Herebo
435 4870 549 4927 prorsus
567 4854 704 4925 derogare
721 4868 804 4924 quam
822 4860 887 4926 post
904 4854 1018 4911 tertium
1036 4856 1196 4937 hochaeum
1213 4862 1339 4913 smtuere
1357 4856 1472 4913 mavult.
